|0000|011|0|01062017|30062017|GRANDE PARADA NORTE COMERCIO DE COMBUSTIVEIS LTDA|12974834000187||SC|256274215|4212809|ISENTO||B|1|
|0001|0|
|0005|205 GP NORTE|88380000|ROD BR 101|2042|ESQ. RUA MANOEL FERREIRA|NOSSA SENHORA DA PAZ|||paradanorte@redejuninho.com.br|
|0100|OSVALDO BALDUINO FILHO|58659099915|016233/O-0|76707108000180|88305160|RUA MANOEL ZEFERINO TEIXEIRA|308|ED ANA CAROLINA|SAO JOAO||4733485159|contato@contabilidadebalduino.com.br|4208203|
|0150|11435333000160|KAIZEN LOGISTICA LTDA|1058|11435333000160||546128101113|3539806||AV IBAR, 250|250||CALMON VIA|
|0150|02375219000109|JULIO CESAR SHIMITT FRUTAS EPP|1058|02375219000109||253649900|4208203||ANNA MOSER, 201|201||PACIENCIA|
|0150|23620105000149|RAQUEL FISTAROL BARBOSA|1058|23620105000149|||4208203||PROFESSOR COSME BUSARELLO, 462|462||CORDEIROS|
|0150|60409075011782|NESTLE BRASIL LTDA|1058|60409075011782||255201052|4216602||Rod BR 101 Km 209 SL1 Armaz 2, SN|SN||Centro|
|0150|05651080000169|RENOVARE TRANSPORTES|1058|05651080000169||0100123490|4302105||RUA : GENERAL GOMES CARNEIRO, 346|346||CENTRO|
|0150|21333020000154|RAPIDO RODA SUL TRANSPORTES ROD.|1058|21333020000154||1080183920|4316808||AV DEP EUCLYDES NICOLAU, 3951 - SALA COMERCIAL|3951|SALA COMERCIAL|ESMERALDA|
|0150|23153475000113|MIGUEL ANGELO DA SILVA-ME|1058|23153475000113||528164606117|3538006||GERALDO PEIXOTO, 34|34||MARIETA AZEREDO|
|0150|12898982000917|RITMO LOGISTICA S/A|1058|12898982000917||455099730115|3530706||AV SUECIA, 3185|3185||JARDIM ESPLANADA|
|0150|24953190000120|GS TRANSPORTES DE CARGAS LTDA ME|1058|24953190000120||9072339794|4125506||RUA AFONSO MIRANDA, SEM NUMERO - SALA COMERCIAL|SEM NUMERO|SALA COMERCIAL|QUISSISSANA|
|0150|04725386000150|REDE COMPRE BEM|1058|04725386000150||9024572592|4106902||RUA BERNARDO VACHESKI, 73|73||TATUQUARA|
|0150|17294266000197|TRANSPORTES BILIK LTDA ME|1058|17294266000197||256914850|4211306||PREFEITO MANOEL EVALDO MILLER, 2640|2640||VOLTA GRANDE|
|0150|17428731008110|PROSSEGUR BRASIL SA TRANSPORTADORA DE VAL E SEGURANCA|1058|17428731008110||1017521868|4106902||ROD BR 116 KM 102, 13876|13876||VILA FANY|
|0150|08772091000195|FREDERICO BILIK TRANSPORTES EIRELI - ME|1058|08772091000195||255675682|4211306||RUA PREFEITO MANOEL EVALDO MULLER SALA 02, 2640|2640||VOLTA GRANDE|
|0150|06958597000400|ORCA DISTRIBUIDORA DE PETROLEO LTDA|1058|06958597000400||9063199777|4128104||RUA NAGA, SN, 0|0||PARQUE INDUSTRIAL III|
|0150|84298900000157|DISTRIBUIDORA MULLER COM.E REPRES.LTDA|1058|84298900000157||250216590|4208203||ROD ANTONIO HEIL, 4305|4305||ITAIPAVA|
|0150|82922212000190|DISTRIBUIDORA ANDRADE LTDA|1058|82922212000190||252173201|4209508||AV. COLOMBO MACHADO SALLES, 73|73||CENTRO|
|0150|08676719000159|JENIFER COMERCIO AGOPECUARIO E TRANSPORTES|1058|08676719000159||255350449|4208906||PLACIDO SATLER, 95|95||BARRA DO RIO DO CEDRO|
|0150|79894812000188|ILHASUL TURISMO LTDA|1058|79894812000188||251504034|4216602||SRV MARIA ANASTACIA DE SOUZA, SN|SN||ROCADO|
|0150|85266005000113|TIMONEIRO DISTRIBUIDORA DE ALIM. LTDA|1058|85266005000113||252428641|4208203||ROD ANTONIO HEIL, 4305, 4305 - ANEXO DISTR.MULLER|4305|ANEXO DISTR.MULLER|ITAIPAVA|
|0150|00064544000117|INES GASPAR HERNANDES DA CUNHA ME|1058|00064544000117||252869648|4209102||R AMADEU SPERANDIO, 54 - casa|54|CASA|COSTA E SILVA|
|0150|15868122000171|JUAREZ PAMPLONA MACHADO - ME|1058|15868122000171||256766762|4202008||ACESSO: R DOM HENRIQUE, 830 - SALA 01|830|sl 01|Jardim Iate Clube|
|0150|08772132000143|TRANSJUCA TRANSPORTES LTDA|1058|08772132000143||255383622|4210001||ROD SC 413 KM 94, 55|55||RIO DO PEI|
|0150|24608414000166|MARIA D. PORTELA ME|1058|24608414000166||257938206|4212809||RUA NOSSA SRª DO ROSARIO, 588|588||NOSSA SENHORA DA PAZ|
|0150|73410326005200|CERVEJARIA PETROPOLIS S/A|1058|73410326005200||256916950|4211900||RODOVIA BR 101 KM 220, 0|0||PACHECO|
|0150|93209765043940|WMS SUPERMERCADOS DO BRASIL LTDA|1058|93209765043940||256460876|4202008||ROD BR 101, 10001 - KM 138|10001|KM 138|SAO JUDAS TADEU|
|0150|76642743000470|DEL POZO TRANS.ROD. LTDA|1058|76642743000470||6930146490000|3169307||RODOVIA FERNAO DIAS KM 745 5 SALA 01, SN|SN||ZONA RURAL|
|0150|13291194000173|ADILSON LOSS TRANSP ME|1058|13291194000173||9054977660|4128203||RUA HERBERTO JOAO CARLSSON 410, 42 35244072 - CASA|42 3524407|CASA|SAO CRISTOVAO|
|0150|22711716000130|NOVO TEC COMERCIO E BAZAR LTDA|1058|22711716000130||0963652907|4314902||RUA VIGARIO JOSE INACIO - LADO IMPAR, 633 - SALA 402|633|SALA 402|CENTRO|
|0150|05984742000112|BROVALLE TABACARIA LTDA|1058|05984742000112||254671675|4212809||RUA SANTO ANTONIO DA PLATINA, 211|211||CENTRO|
|0150|03558968000126|BDL DISTRIB. E LOGISTICA LTDA|1058|03558968000126||253975409|4216602||RODOVIA BR-101, KM 210, 0|0|KM 210 0|AREA INDUSTRIAL|
|0150|59827033972|GONCALINA ALVES DOS REIS|1058||59827033972||4125506||CONSTANTE MORO SOBRINHO, 1493|1493||RIO PEQUENO|
|0150|33009911028572|SOUZA CRUZ S.A|1058|33009911028572||254325858|4208203||ROD ANTONIO HEIL, S/N - KM 3, GALPAO 4|S/N|GP04 KM 3|ITAIPAVA|
|0150|31565104012345|PEPSICO DO BRASIL LTDA|1058|31565104012345||250897431|4216602||RUA JORGE JOSE ZIMMERMANN, 600|600||SERTAO DO MARUIM|
|0150|27602274000107|SERGIO JOAO RAIMUNDO TRANSPORTES-ME|1058|27602274000107||258322934|4202404||BERTA ROSSBACH, 31|31||SALTO DO NORTE|
|0150|08473312000124|CONEXAO MARITIMA SERVICOS LOGISTICA LTDA|1058|08473312000124||255590695|4208203||ROD BR 101 KM 112, 700 - EMPRESA|700|EMPRESA|SALSEIROS|
|0150|15041613000144|BST COMERCIAL IMPORTACAO EXPORTACAO LTDA EPP|1058|15041613000144||256638314|4206603||RODOVIA BR 163, 163 - AREA INDUSTRIAL SILVESTRE FOIATTO|163|AREA INDUSTRIAL SILVESTRE FOIATTO|CENTRO|
|0150|09564497000145|VIAFIX DISTRIBUIDORA DE PECAS AUTOMOTIVAS E FIXADORES LTDA -|1058|09564497000145||255617976|4205902||RUA: TEOBALDO DESCHAMPS, 188|188||BELA VISTA|
|0150|17135227000147|VARIANTHE MATERIAL DE CONSTRUCAO|1058|17135227000147||256893438|4212502||ROD SC 414, 695 - CASA|695|CASA|NOSSA SRA DE FATIMA|
|0150|00191571000150|GLUCOL COMERCIO TRANSPORTES|1058|00191571000150||0290261538|4305108||RUA ARY PEREIRA SOARES, 96|96||SANTA CATARINA|
|0150|05254957001664|BRASIL KIRIN LOGISTICA E DISTRIBUICAO LTDA|1058|05254957001664||254819109|4208203||ROD BR-101, 4000|4000||ESPINHEIROS|
|0150|14129850997|MARIO JOSE MEYER|1058||14129850997||4128203||IPIRINGA, 357 - APARTAMENTO 04|357|APARTAMENTO 04|CENTRO|
|0150|06938502000144|CLERBESON GALINARI SILVEIRA ME|1058|06938502000144||254865887|4216602||RUA ALCEU AMOROSO DE LIMA 04, 04|04||SAO JOSE|
|0150|15682391000149|SOZI COMERCIO DE BEBIDAS LTDA|1058|15682391000149||256741743|4211306||RUA FRANCISCO PAULA SEARA, 28, 28 SALA 2|28 SALA 2||SAO DOMINGOS|
|0150|10262765000153|TRANSPORTADORA TRANSAVANTE LTDA|1058|10262765000153||255671458|4213005||AVENIDA: MARECHAL CASTELO BRANCO, 1642 - SALA 01|1642|SALA 01|CENTRO|
|0150|08844101000150|TRANSPORTES GEDEON EIRELI - ME|1058|08844101000150||9040537675|4104204||R PEDRO VAZ DA SILVA, 52|52||CENTRO|
|0150|88078209001271|SCAPINI TRANSPORTE E LOGISTICA LTDA|1058|88078209001271||254577121|4208203||RODOVIA BR 101 KM 112, 3000|3000||SALSEIROS|
|0150|00460859714|JOSE AUGUSTO DE CASTRO|1058||00460859714|012920134|4208203||RUA AMOLDO LOPES GONZAGA, 493|493||AMAURI|
|0150|13540330000111|TRANSP. POHLMANN LTDA|1058|13540330000111||256387125|4202057||PALMIRO TEODORO DE SOUZA, SEM NUMERO - CASA|SEM NUMERO|CASA|LINGUANDO|
|0150|17285863000155|AUTO PARTS PECAS AUTOMOTIVAS LTDA - ME|1058|17285863000155||256911134|4209102||RUA PETROPOLIS, 772 - SALA 3|772|SALA 3|PETROPOLIS|
|0150|49878735915|EDEMIR JOAO MACARINI|1058||49878735915||4108304||RUA DI CAVALCANTI, 2031|2031||VILA PORTES|
|0150|00784410992|NEI SCHUSTER|1058||00784410992||4202008||RUA DOM RICARDO, 364|364||VILA REAL|
|0150|56228356001960|COMPANHIA DE REFRIGERANTES BRAHMA SKOL|1058|56228356001960||256120900|4202008||RUA FERMINO VIEIRA CORDEIRO, 472|472||ESPINHEIROS|
|0150|23314594001859|ALESAT COMBUSTIVEIS S.A.|1058|23314594001859||9028008080|4101804||RUA DOUTOR ELI VOLPATO, 948|948||Chapada|
|0150|21661926000106|RENATA D CASSIA DA SILVA LEANDRO ME|1058|21661926000106||257549234|4212502||AV. NEREU RAMOS, 1365 - SALA 03|1365|SALA 03|CENTRO|
|0150|08087449000140|ENGEL TRANSP|1058|08087449000140||255232721|4208807||LAGUNA, 270|270||CENTRO|
|0150|08876389000145|COOPERATIVA DOS TRANSPORTADORES AUTONOMOS DO BRASIL - COTRABRAS|1058|08876389000145||9040700339|4106902||RUA BATISTA PESSINA, 892|892||VISTA ALEGRE|
|0150|76642743001956|DEL POZO TRANSPORTES RODOVIARIOS LTDA|1058|76642743001956||256616728|4201307||RODOVIA BR 280 KM 27 SALA 01, SN|SN||AREIAS PEQUENAS|
|0150|02594449954|OTACILIA COSTA|1058||02594449954||4212502||RUA PORTO ALEGRE , 64|64||CENTRO|
|0150|81306094000123|CONFEITARIA PALADAR LTDA. - ME|1058|81306094000123||251799727|4209102||Rua dos Timbiras, 147|147||JARDIM SOFIA|
|0150|11042059000169|LITORAL PESCADOS LTDA|1058|11042059000169||0752526100181|5300108||TRECHO 2 CONJUNTO 04  LOTES 05,06 E 07 , 06|06||SANTA MARIA|
|0150|01372537000145|SANTA CLARA TRANSPORTES EIRELI  ME|1058|01372537000145||253351561|4204608||RUA MACHADO DE ASSIS , 99 - SALA COMERCIAL|99|SALA COMERCIAL|SANTA BARBARA|
|0150|12481521000197|VULCANIZADORA E BORRACHARIA PONTUAL PNEUS LTDA|1058|12481521000197||0016556580023|3104205||CAMPO BELO, 76|76||VILA CALCITA|
|0150|20422387000343|RV BRASIL LTDA - EPP|1058|20422387000343||257823220|4208302||Rua 147, 40 - SALA 03|40|SALA 03|CENTRO|
|0150|01179445000143|GETEL TRANSPORTES S/A|1058|01179445000143||114637586117|3550308||RUA CANUTO SARAIVA SALA 21, 59|59||MOOCA|
|0150|61186888017592|SPAL IND BRAS BEBIDAS SA|1058|61186888017592|||4209102||Rua Noruega, Bloco C, 99 - Anexo 1|99|BLOCO C|BOA VISTA|
|0150|12791231000140|TRANSPAIXAO TRASPORTE E CONFECCAO LTDA|1058|12791231000140||082760039|3201308||RUA ALFREDO CHAVES , 12|12||BANDEIRANTES|
|0150|23173352000144|BATISTA TRANSPORTES|1058|23173352000144||257747567|4208906||RUA OSVALDO MURARA, 46|46||NEREU RAMOS|
|0150|03984107001009|FALE FACIL COMERCIO LTDA|1058|03984107001009||257556940|4202404||RUA XV DE NOVEMBRO, 550 - SALA 801|550|SALA 801|CENTRO|
|0150|77887412000209|DEYCON COMERCIO E REPRESENTACOES LTDA|1058|77887412000209||251580326|4216602||RUA SEN.CARLOS G.OLIVEIRA,36, .|.||AREA INDUSTRIAL|
|0150|67449018934|LENOIR IVAN GARTNER|1058||67449018934||4212809||RUA ANTONIO ZIMERMAN, 47997179550 - CASA|4799717955|CASA|ITACOLOMI|
|0150|11056737000142|G5 SOLUCOES LOGISTICA|1058|11056737000142||123194890|2111300||R. BRDE ITAPARY, 100|100||CENTRO|
|0150|04310364000129|EMBRAST IND. E COM. EMBALAGENS LTDA|1058|04310364000129||254190480|4208203||RUA MARIA LUIZA DA SILVA, 320|320||BAIRRO LIMOEIRO|
|0150|94234275001024|MAKENA MAQ.EQUIP.E LUBRIF.LTDA|1058|94234275001024||257663592|4209102||AVE SANTOS DUMONT, 2425 - GALPAO 4|2425|GALPAO 4|ZN INDTL NORTE|
|0150|02723376000150|PHB PECAS E ACESSORIOS LTDA EPP|1058|02723376000150||253689120|4209300||RODOVIA BR282, 2911A|2911A||FREI ROGERIO|
|0150|04205215000108|AB GAS LTDA|1058|04205215000108||254154972|4215000||ROD. BR 280, 1378|1378||JARDIM HANTSCHEL|
|0150|09583308000181|K&S TRANSPORTES E COMERCIO LTDA- EPP|1058|09583308000181||255657234|4218004||RUA SENADOR GALLOTTI, 45|45||JOAIA|
|0150|00473536000124|VJS COM. DE GEN. ALIM. LTDA ME|1058|00473536000124||253284961|4209102||RUA SOROCABA, 386|386||FLORESTA|
|0150|11777649000130|WEBER COMERCIO ATACADISTA DE ALIMENTOS LTDA.|1058|11777649000130||256069093|4208906||RUA JOAO ROPELATTO, 390  GALPAO 02  TREVO BR, 0|0||NEREU RAMOS|
|0150|08530160000154|NITRIX COMERCIO DE BEBIDAS LTDA|1058|08530160000154||255311966|4202008||Avenida Marginal Leste, 1450 - SALA 03|1450|SALA 03|Centro|
|0150|24122618000192|MARCILENE HENZEN ME|1058|24122618000192||257871217|4202404||RUA JOSE FRANCISCO CORREA, 00500|00500||NOVA ESPERANCA|
|0150|09568756000106|SUPERMERCADO E DISTRIBUIDORA DE ALIMENTOS COSTAO LTDA|1058|09568756000106||255609906|4202107||AV SANTA CATARINA, 1155|1155||CENTRO|
|0150|75958926000193|GHELERE TRANSPORTES LTDA|1058|75958926000193||4200243124|4104808||AV DOUTOR EZUEL PORTES, 15131|15131||UNIVERSITARIO|
|0150|04461066000130|FRANCISCA COMIOTTO DA SILVA|1058|04461066000130||1610063217|4310108||RUA BERTHOLDO HUFF, 75 - FUNDOS|75|FUNDOS|VIADULTO IGREJINHA|
|0150|02620036000101|ARACEL REPRESENTACOES LTDA|1058|02620036000101||257553762|4208906||RUA HENRIQUE TALMANN, 25|25||CENTRO|
|0150|23680443000176|JUNINHO RESTAURANTE EXPRESS LTDA - ME|1058|23680443000176||257815457|4212809||ROD BR 101 KM 102, SN|SN||NOSSA SENHORA DA PAZ|
|0150|22138726000128|MINDY SALGADOS EIRELI ME|1058|22138726000128||257607714|4202008||2700, 1030|1030||CENTRO|
|0150|81408759000100|BRASKUGLER COM. DE AUTOMOTIVOS LTDA|1058|81408759000100||9042213508|4106902||RUA JOSE GOMES DE MELLO,, 106|106||UBERABA|
|0150|05765156983|ILARIO HORBATEI JUNIOR|1058||05765156983|0000000000|4104451||RUA SANTO ANTONIO , 53 - CASA|53|CASA|JARDIM SOCIAL|
|0150|09332573000197|CAFEEIRA GARIBALDI COM E LOC DE EQUIP IND EPP|1058|09332573000197||255547803|4208203||ROD. OSVALDO REIS, 2877|2877||PRAIA BRAVA|
|0150|18124911000196|RIBFER TRANSPORTES LTDA ME|1058|18124911000196||9063349175|4101507||RUA ANU, 197 - SALA COMERCIAL|197|SALA COMERCIAL|VILA IGUACU|
|0150|07539346000101|M SUL TRANSPORTES LTDA ME|1058|07539346000101||255029195|4218004||AV COLEIRA, 400|400||CENTRO|
|0150|12483945000190|PROVESI E BOTELHO HORTIFRUTI LTDA|1058|12483945000190||256275998|4208203||RUA MANOEL FRANCISCO COELHO, 461|461||SAO VICENTE|
|0150|27655391000139|THIAGO BONATO ME|1058|27655391000139||258318228|4208203||RUA VEREADOR ABILIO OTAVIO DO CANTO, 000061|000061||RESSACADA|
|0150|82777236000101|PREFEITURA MUNICIPAL DE PONTE SERRADA|1058|82777236000101|||4213401||MADRE MARIA DEOTHEDORA, 264|264||CENTRO|
|0150|03713820000119|RENOVADORA DE PNEUS MARIALVA LTDA|1058|03713820000119||9020648772|4114807||RUA PEDRO BATAGLINI, 100|100||PQ INDUSTRIAL IV|
|0150|86375656000104|BENECKE|1058|86375656000104||250044706|4218202||RUA FRITZ LORENZ, 2170|2170||BAIRRO INDUSTRIAL|
|0150|72482102000100|COMERCIO E REPRESENTACOES BENUTI LTDA.|1058|72482102000100||252667654|4202909||RUA FERNANDO DE SOUZA E SILVA, 171|171||LIMOEIRO|
|0150|01223060000136|TRANSPORTES 96 LTDA|1058|01223060000136||253320593|4215802||ESTRADA DONA FRANCISCA, 1378 - SALA COMERCIAL|1378|SALA COMERCIAL|OXFORD|
|0150|22755830000161|RODO SANTOS LOG LTDA|1058|22755830000161||257689150|4215802||RODOVIAS DOS MOVEIS SC 418, 2620|2620||MATO PRETO|
|0150|56151209087|MARCELO PRATES ZANCHI|1058||56151209087||4212809||ADALIAS , 90 - CASA|90|CASA|NOSSA SENHORA DA PAZ|
|0150|10974077000205|COSTA RIBEIRO TRANSPORTES LTDA|1058|10974077000205||420147701113|3527207||ROD.PRES. DUTRA KM 52-SL 02, SN|SN||PARQUE DAS|
|0150|61288940000546|GAFOR LTDA|1058|61288940000546||254433600|4201307||ROD BR101 KM 569 00 FUNDOS, SN|SN||CORVETA|
|0150|11022024000168|RODRIGO VOIGT ME|1058|11022024000168||255917775|4202404||RUA GUSTAVO ZIMMERMANN, 4044|4044||ITOUPAVA CENTRAL|
|0150|93359271000119|INDEX COM DE PROD ELETRONICOS LTDA ME|1058|93359271000119||1650182357|4300604||TV ANTONIO VIEIRA, 160 - PAVLH 2|160|PAVLH 2|VL SUMARE|
|0150|97367809000198|EMPREITEIRA DE MAO DE OBRA MARQUES|1058|97367809000198||257966757|4205506||RUA OLAVO BILACK, 57|57||SAO JOSE|
|0150|09477652004698|STAINHAUS COM GRANITOS E VIDROS LTDA ME|1058|09477652004698||258209429|4208906||AVENIDA PREFEITO WALDEMAR GRUBBA N 2973, 47 33700180|47 3370018||VILA LALAU|
|0150|70788510991|DUANE JOSE MILIOLI|1058||70788510991||4209300||AV CASTELO BRANCO, 85|85||UNIVERSSITARIO|
|0150|86447562002732|RAPIDO DE TRANSPORTES TUBARAO LTDA|1058|86447562002732||257723145|4201307||RUA DOS BARRANCOS SALA 01, 166|166||VOLTA REDONDA|
|0150|02313825000191|TRANSPORTES SILMED LTDA ME|1058|02313825000191||0240448820|4304606||AV MCLANE, PREDIO L, 1214|1214||SAO LUIS|
|0150|08766459000102|HARDT DOCES E SALGADOS LTDA. ME|1058|08766459000102||255372744|4209102||RUA: QUINZE DE OUTUBRO, 170|170||RIO BONITO|
|0150|09067274000172|REICOL ARTEFATOS DE BORRACHA LTDA|1058|09067274000172||104180919|5208707||AV GONCALVES LEDO, 200|200||ST CANDIDA DE MORAES|
|0150|17268864000191|BUREI SUPERMERCADO|1058|17268864000191||256908150|4206504||RUA 28 DE AGOSTO, 528|528||CENTRO|
|0150|78876216000102|MARIA DE FATIMA ARAGAO DAROCI & CIA LTDA - ME|1058|78876216000102||254450024|4208302||R 402 B, 299|299||Morretes|
|0150|22520742000180|S.SANTOS E CIA LTDA ME|1058|22520742000180||257657037|4208203||RUA CURT HERING, 27|27||BARRA DO RIO|
|0150|01177980000165|IGREJA EVANGELICA ASSEMBLEIA DE DEUS|1058|01177980000165|||4212809||AV GRETULIO VARGAS, 224|224||CENTRO|
|0150|86145568968|GILVANE DE PAULA|1058||86145568968||4212809||R; DOS CRAVOS, 337|337||NOSSA SENHORA DA PAZ|
|0150|17793446000113|MATHEUS GELO POTAVEL LTDA.|1058|17793446000113||256983771|4208203||Rua JoAo Gottardi,, 556|556||ESPINHEIROS|
|0150|01687709000170|TRILAT-LEITE E DERIVADOS LTDA|1058|01687709000170||7021211170072|3170206||LINEU  ANTERINO MARIANO, 75|75||DISTRITO INDUSTRIAL|
|0150|56991441000823|AVON COSMETICOS LTDA|1058|56991441000823||233085985117|3508405||RUA LAURO PINTO TOLEDO, 410|410||PINHAL|
|0150|57543795000444|TRANSPORTES GRECCO SA|1058|57543795000444||254682324|4202107||ROD BR 101 DE 1 ATE 99999 KM 83 - BOX SALA 2, 3075|3075||SERTAOZINHO|
|0150|09539689000100|L G DISTRIBUICAO E REPR DE AGUA MINERAL LTDA ME|1058|09539689000100||255612974|4209102||Rua Nadir Martins Moraes, 64|64||Nova Brasilia|
|0150|07115999988|RAFAEL NATALINO CORREA|1058||07115999988||4212502||EDUARDO JOAQUIM PEREIRA, 104 - SALA COMERCIAL|104|SALA COMERCIAL|GRAVATA|
|0150|20119891000107|SHISLAYNE JOPLIN RICHTER 05784325957|1058|20119891000107||257440186|4211306||RUA DEPUTADO NILTON KUCKER, 693 - SALA 01|693|SALA 01|SAO DOMINGOS|
|0150|00896571000156|TENDENCIA INFORMACOES E SISTEMAS LTDA|1058|00896571000156||282247114|5002704||RUA SAO JORGE, 103|103||CENTRO|
|0150|17333597000199|LEONIR JERONIMO DA SILVA ME|1058|17333597000199||256920699|4204608||RUA MANOEL GONCAVES, 12|12||SAO DEFENDE|
|0150|13444199000199|GILBERTO FERNANDO SOKOLEK TRANSPORTES ME|1058|13444199000199||9055381795|4120309||RUA OSVALDO GOMES DA SILVA , SEM NUMERO - SALA COMERCIAL|SEM NUMERO|SALA COMERCIAL|CENTRO|
|0150|73404576000198|SAMUCA COM E TRANSPS LTDA|1058|73404576000198||0290495520|4305108||AV DR RENATO DEL MESE, 1511 - EMPRESA|1511|EMPRESA|NOSSA SENHORA DE FATIMA|
|0150|58861785972|FLAVIO OMAR FREISLEBEN|1058||58861785972||4207106||MINAS, 3448|3448||MINAS|
|0150|13852901000153|OURO DOCE INDUSTRIA E COMERCIO DE PRODUTOS ALIMENTICIOS LTDA|1058|13852901000153||256444200|4212502||Rua Jovino Manoel Francisco, 362|362||Armacao|
|0150|82973785000143|GARP IND. COM. PROD. ALIM. LTDA|1058|82973785000143||252229568|4212502||RUA GUILHERMINO PEREIRA, 100|100||Sao Cristovao|
|0150|88320536000135|AGRO LATINA LTDA|1058|88320536000135||1610008631|4310108||EST PICADA FRANCESA, 950|950||CASA DA PE|
|0150|01948683000176|DISTRIBUIDORA  DE FRUTAS LUMENRTZ|1058|01948683000176||1090236015|4316907||NOSSA SENHORA DAS DORES , 55 30283858|55 3028385||NOSSA SENHORA DAS DORES|
|0150|03395151000184|FAZENDA VELHA BRASILEIRA COMERCIO DE GENEROS ALIMENTIC LTDA|1058|03395151000184||254823556|4202008||RUA EDGAR LINHARES, 570|570||NOVA ESPERANCA|
|0150|07505005000115|EDSON APARECIDO TAGLIAFERRO E CIA LTDA ME|1058|07505005000115||412071277111|3526407||ESTRADA VICINAL GIOVANI COSTA, 535 - SALA COMERCIAL|535|SALA COMERCIAL|ESTRELA|
|0150|93561108000134|VINHEDOS TRANSPORTES LTDA|1058|93561108000134||0500073333|4308607||RUA JOSE GAVA TRAVESSAO DOS VINHEDOS, 1155|1155||TAMANDARE|
|0150|44914992000138|RODONAVES TRANSPORTES E ENCOMENDAS LTDA|1058|44914992000138||582249216111|3543402||RUA GENERAL AUG. SOARES DOS SANTOS, 683|683||PARQUE INDUSTRIAL L|
|0150|05817053000113|LUBRIARA COM. DE LUBRIF. E FILTROS LTDA|1058|05817053000113||9028724850|4101507||RUA GRALHA AZUL, 100|100||VILA EDIO|
|0150|27862734000136|VDP DISTRIBUIDORA|1058|27862734000136||258346442|4205902||RUA TEOBALDO DESCHAMPS, 188|188||BELA VISTA|
|0150|57507378000365|EMS SA|1058|57507378000365||748002161113|3519071||ROD JORNALISTA FRANCISCO AGUIRRE PROENCA, KM 08 BLOCO I II V|SN||CHACARA ASSAY|
|0150|05660141000154|SUL CATARINENSE LOGISTICA E TRANSPORTE|1058|05660141000154||254988865|4204608||RUA NORBAL JOAO DA ROCHA  200, 48 999124602|48 9991246||RIO MARIA|
|0150|78269917000183|ROCHA E FILHO|1058|78269917000183||251074889|4215455||RUA ALCINO ROCHA SALA 1, 1345|1345||CENTRO|
|0150|23141874000164|JALMIR KOVALESKI  TRANSP  ME|1058|23141874000164||257742913|4208906||RUA PIONEIRO  LUIZSARTI, 951|951||NEREU RAMOS|
|0150|07120450000167|BOM JESUS TRANSPORTES LTDA EPP|1058|07120450000167||254904777|4215802||EHRARD PFEIFFER, 239 - CASA|239|CASA|SCHRAMM|
|0150|85783868000168|MARMORARIA AFONSON PAUL|1058|85783868000168||253026270|4209904||OSVALDO SCHOREDER, 1578|1578||CENTRO|
|0150|01466091001190|CIAPETRO DISTRIB. DE COMBUSTIVEIS LTDA|1058|01466091001190||256962855|4208203||BENJAMIM DAGNONI, 177 - SALA 04|177|SALA 04|RIO DO MEIO|
|0150|81374845000149|F.M. PNEUS LTDA|1058|81374845000149||251840484|4210506||AV. MARAVILHA, 833|833||MADALOZZO|
|0150|05636761910|ROBSON ALVES RIBEIRO|1058||05636761910||4208906||CARLOS HARDT, 2600|2600||RAU|
|0150|18720570000111|BRAVILLE ATACADO NDE ALIMENTOS LTDA EPP|1058|18720570000111||257128212|4209102||MARIA NEVES NIEMEYER, 38|38||NOVA BRASILIA|
|0150|06958597000168|ORCA DISTRIBUIDORA DE PETROLEO LTDA|1058|06958597000168|||4101804||RUA DOUTOR ELI VOLPATO, 948|948||CENTRO|
|0150|10156820000554|MASTER DISTRIBUIDORA PRSC LTDA|1058|10156820000554||257525360|4205407||DOUTOR HEITOR BLUM, 310 - 11.  ANDAR|310|11.  ANDAR|ESTREITO|
|0150|45286200001839|CENTRO DE RAJA YOGA BRAHNA KUMARIS|1058|45286200001839|||4205407||FERNANDO FERREIRA DE MELO, 41|41||BOM ABRIGO|
|0150|81362634000196|FIORELO PEGORARO COMERCIO E REPRES LTDA|1058|81362634000196||251852750|4209003||AV ADOLFO ZIGUELLI, 1010, .|.||CENTRO|
|0150|80348105000175|BARRIGA VERDE- TUR TURISMO|1058|80348105000175||255168020|4202008||AV ALVIN BAUER, 130 - SALA 03|130|SALA 03|CENTRO|
|0150|52438082000154|EXPRESSO MIRASSOL LTDA|1058|52438082000154||336858977112|3518800||RUA JOSE CAMPANELLA, 578|578||MACEDO|
|0150|11466751000114|A.M DA SILVA LOGISTICA E TRANSPORTES|1058|11466751000114||283554401|5001904||EUZEBIO VARALDO, 66 - SALA|66|SALA|RETA A1|
|0150|11455792000105|FMS DE MONTE CASTELO|1058|11455792000105|||4211108||GREGORIO MATIOSKI, 225|225||BAIRRO ALTO|
|0150|04740452936|CLEUSA PEREIRA|1058||04740452936||4212809||ALEXANDRE GUILHERME FIGUEIREDO, 461|461||CENTRO|
|0150|00793334000160|INCON INDUSTRIA DE CONDIMENTOS LTDA|1058|00793334000160||3160436157|4118501||CAETANO MUNHOZ DA ROCHA, 480|480||JD. PRIMAVERA|
|0150|16383685000132|TRW TRANSPORTES RODOVIARIO WESTPHAL LTDA|1058|16383685000132||9060135840|4101507||ESTRADA VELHA LOTE 07, 0|0||GLEBA 03 B|
|0150|79508156000138|CATARINENSE DISTRIBUIDORA DE PRODUTOS CONGELADOS LTDA|1058|79508156000138||251379930|4208203||RUA JOSE GALL, 1373|1373||DOM BOSCO|
|0150|17842929000160|RODOISPO TRANSPORTES RODIARIOS EIRELI ME|1058|17842929000160||9062571818|4106902||RUA BENEDITO CORDEIRO, 1039 - SALA COMERCIAL|1039|SALA COMERCIAL|UMBARA|
|0150|07146547000149|DAMAY CAFE E CAFETERIA LTDA|1058|07146547000149||254897266|4202107||RUA NAZARENO TEIXEIRA DA COSTA, 260|260||JARDIM ICARAI|
|0150|13830165000132|FELICIANO DOS SANTOS ME|1058|13830165000132||256439842|4211306||Av. Prefeito Cirino Adolfo Cabral, 9161|9161||Gravata|
|0150|00794938000120|PROFI-LINE HIGIENE PROFISSIONAL LTDA.|1058|00794938000120||253138434|4202404||RUA DAS MISSOES, 2030|2030||PONTA AGUDA|
|0150|07914631000165|TRANSPRIMER TRANSPORTES RODOVIARIOS LTDA|1058|07914631000165||9036788442|4106902||RUA CARLOS ESSENFELDER, 1079|1079||BOQUEIRAO|
|0150|81632093000411|AGRICOPEL COM.DERIV.PETROLEO LTDA|1058|81632093000411||254431372|4208906||MANOEL FRANCISCO DA COSTA, 2000 - FUNDOS|2000|FUNDOS|VIEIRAS|
|0150|12974834000187|GRANDE PARADA NORTE|1058|12974834000187||256274215|4212809||ROD BR 101, 2042 - ESQ. RUA MANOEL FERREIRA|2042|ESQ. RUA MANOEL FERREIRA|NOSSA SENHORA DA PAZ|
|0150|17428731008543|PROSSEGUR BRASIL SA TRANSPORTADORA DE VAL E SEGURANCA|1058|17428731008543||108167128110|3550308||AV THOMAS EDISON, 1250|1250||BARRA FUNDA|
|0150|23314594004440|ALESAT COMBUSTIVEIS S.A|1058|23314594004440||255401558|4208203||RUA FRANCISCO BOAVENTURA DA SILVA, 18 - SALAS 05,06,07,08|18|SALAS 05,06,07,08|RIO DO MEIO|
|0150|75862821000306|RODALOG SOLUCOES EM LOGISTICA TRANSPORTES LTDA|1058|75862821000306||2670027649|4306767||AV INDUSTRIAL BELGRAF, 765 - SALA 10|765|SALA 10|VL MEDIANEIRA|
|0150|21634552000121|GELSON BOSA TRANSPORTES ME|1058|21634552000121||257546600|4216909||RUA VEREADOR ROBERTO WOLKEMER, 196 - CASA|196|CASA|SANTA CATARINA|
|0150|10354704000205|ALPES DISTRIBUIDORA DE PETROLEO LTDA|1058|10354704000205||9070162005|4101804||RODOVIA BR 476 DO XISTO, 2800|2800||THOMAZ COELHO|
|0150|20676577000125|D.M ANTONIO ME|1058|20676577000125||9067106331|4106902||RUA JOSE DAL NEGRO, 231|231||XAXIM|
|0150|53611828000223|POLIVIAS S/A TRANSPORTES E SERVICOS|1058|53611828000223||1530111851|4322400||RUA MAL SETEMBRINO DE CARVALHO, 1544|1544||IPIRANGA|
|0150|95852216000191|MERCADO VALEDI LTDA|1058|95852216000191||252627911|4205407||RUA: PROFESSOR EGIDIO FERREIRA, 1167|1167||CAPOEIRAS|
|0150|07475623000160|TAZ COMERCIAL ALIMENTICIA LTDA EPP|1058|07475623000160||255008341|4208906||RUA ALVARO SEVERINO PIAZERA, 71|71||BARRA DO RIO CERRO|
|0150|85179687000127|MACIEL DISTRIBUIDORA DE PECAS LTDA|1058|85179687000127||252364210|4216602||RUA DAS CAMELIAS, 345|345||CAMPINAS|
|0150|18644801000155|TRANSPORTES MARTINS E KUESTER LTDA ME|1058|18644801000155||257192999|4208906||RUA BENJAMIRO PRADI, 250|250||BARRA DO RIO|
|0150|05813306000180|HAMILTON PEZZINI ME|1058|05813306000180||254626769|4208203||RUA LUCIO CORREA MENDONCA, 239|239||FAZENDA|
|0150|93209765030024|WMS SUPERMERCADOS DO BRASIL LTDA|1058|93209765030024||255480288|4208203||Av. Governador Adolfo Konder, 700|700||Cidade Nova|
|0150|00896780000108|PRESSLEITURA TRANSPORTES LTDA|1058|00896780000108||1000970871|4106902||BR110, 4192619966 - 110|4192619966|110|TATUGUARA|
|0150|07288161000171|COMERCIO DE COMBUSTIVEL KAPPES LTDA|1058|07288161000171||0560068131|4309100||RUA SAO PEDRO, 1022 - PREDIO|1022|PREDIO|CENTRO|
|0150|32438772000104|TRANSPORTADORA JOLIVAN LTDA|1058|32438772000104||081319541|3202603||AV DANILO MONTEIRO DE CASTRO, 816|816||CENTRO|
|0150|12898982000160|RITMO LOGISTICA S/A|1058|12898982000160||9056398209|4106902||RUA JOAO KALINOWSKI, 170|170||CIDADE INDUSTRIAL|
|0150|08033412000130|FANKITOS IND E COM DE PRODUTOS ALIMENTICIOS EIRELI|1058|08033412000130||255193629|4218004||Rua Gregorio Florindo Vanunci, 390 - marginal da BR|390||Joaia|
|0150|86048063000133|RAPIDO SUL NORTE|1058|86048063000133||251760987|4215802||RUA CONRADO LIEBER, 1713|1713||SERRA ALTA|
|0150|11124629000836|FLUXO BRASIL DIST PRODUTOS SA|1058|11124629000836||256176736|4202404||RUA VOLNEI ILMO DO NASCIMENTO, 2910 - QUADRA BE LOTE 29|2910||VILA NOVA|
|0150|13781925000169|VIACAO GUARATUBA LTDA|1058|13781925000169|||4202404||RUA BERNARDO REITER, 1844|1844||PASSO MANS|
|0150|09721487000176|GTI - LOG S/A|1058|09721487000176||442226260119|3529401||AV JOAO RAMALHO, 1504A|1504A||PQ. SAO VICENTE|
|0150|13500677000130|RF TRANSPORTES EIRELI|1058|13500677000130||256378215|4208450||RUA JOAO CARLOS DE AGUIAR, 589|589||PRINCESA DO MAR|
|0150|05304132000120|COMERCIAL VITORIA ELOHIM LTDA ME|1058|05304132000120||254462243|4212809||RUA JOAO DE DEUS CARVALHO, 446 - SALA 01|446|SALA 01|SANTO ANTONIO|
|0150|02776210973|ELIZANDER MARTINS DOS SANTOS|1058||02776210973||4212809||RUA DAS ACACIAS, 367|367||NOSSA SENHORA DA PAZ|
|0150|11298672000141|KB TRANSPORTES|1058|11298672000141||255978502|4218004||RUA BEIJA FLOR, 47 - SALA|47|SALA|PRACA|
|0150|75534974000154|CONSTRUTORA FERNANDES LTDA|1058|75534974000154||250839873|4204608||RUA ALVARO CATAO, 205|205||OPERARIA N|
|0150|20603071000196|ESQUINAO COM. DE COMBUSTIVEIS EIRELI LTDA|1058|20603071000196||257400770|4218707||ANTONIO ANTUNES DOS SANTOS, 627|627||DEON|
|0150|02591957000185|ADPLAST INDUSTRIAL LTDA|1058|02591957000185||253628539|4208906||R. ALBINA KOGUS PIAZERA, 441|441||BARRA DO RIO CERRO|
|0150|07598670000109|SUPERMERCADO UNIAO|1058|07598670000109||9035094730|4128203||AVENIDA MANOEL RIBAS, 1551 - EMPRESA|1551|EMPRESA|CENTRO|
|0150|05653214000180|JOSE KOCK ME|1058|05653214000180||254582923|4209102||RUA HEINZI ZIETZ, 476|476||VILA NOVA|
|0150|25131828000100|MULTILOG TRANSPORTES LTDA|1058|25131828000100||258081244|4208203||RODOVIA ANTONIO HEIL SALA 04, 4999|4999||ITAIPAVA|
|0190|A|AMPERE|
|0190|KG|QUILOGRAMA|
|0190|BB|BBBB|
|0190|L|LITRO|
|0190|PCT|PACOTE|
|0190|PC|PECA|
|0190|RF|RFRF|
|0190|CX|CAIXA|
|0190|FD|FDFD|
|0190|UN|UNIDADE|
|0190|UND|UNDUND|
|0200|6963|PEPSI 237ML|7892840812980||UN|00|22021000||22||17,00||
|0200|1268|STIKSY PALITINHOS ELMA CHIPS|7892840126810||UN|00|19041000||19||17,00||
|0200|946|MINI SCHIN LIMAO 250ML|7896052601110||UN|00|22021000||22||17,00|0301100|
|0200|1262|STAX ONION 156G|7892840225919||UN|00|20052000||20||17,00|1703200|
|0200|663|GOMA GOMETS FRUTAS 10 UND|7896058506105||UN|00|17049020||17||17,00|2806200|
|0200|1265|CERV. STELLA LONG NECK 275ML|7891149101924||UN|00|22030000||22||25,00||
|0200|4026|DELVALLE 100% LARANJA 1L|17894900610014||CX|00|20091200||20||0,00|1701000|
|0220|CX|6,000000|
|0200|ALCOOL WAVE LIQUIDO 1L 46 6423|ALCOOL WAVE LIQUIDO 1L 46 6423|7898953804096||UN|07|34021900||34||1,80||
|0200|3659|MARILIAN COOKIES CHOCOLATE 80G|7896003704747||UN|00|19053100||19||0,00|1705300|
|0200|5504|CARREGADOR DUPLO PARA CARRO|7898959434075||UN|00|85044010||85||0,00|1200100|
|0200|5505|CABO SANSUNG S|6905790100029||UN|00|85444200||85||0,00|1200700|
|0200|3651|SALGADINHO BAYCON 90G|7898363590466||UN|00|19041000||19||0,00|1703000|
|0200|7201|CHOC. LACTA SONHO DE VALSA 90GR|7622300992071||UN|00|18069000||18||0,00|1700400|
|0200|7302|FREE BOX AZUL POLI|7891028003172||UN|00|24022000||24||25,00|0400100|
|0200|7303|FREE MACO AZUL POLI|78934634||UN|00|24022000||24||0,00|0400100|
|0200|690|HALLS MENTHOL/EUCALIPTO|7895800169384||UN|00|17049020||17||17,00|2806200|
|0200|1545|HIPERVISAO LIMPA PARABRISA 120|7694517154658||UN|00|34029090||34||0,00|1100700|
|0200|5824|CUB SOCIAL SABOR PIZZA 141G|17622210641219||UN|00|19059020||19||0,00|1705602|
|0200|694|HALLS MORANGO|7895800432020||UN|00|17049020||17||17,00|2806200|
|0200|1257|SPRITE ORIGINAL LATA 350ML|7894900069839||CX|00|22021000||22||17,00|0301100|
|0220|CX|6,000000|
|0200|SACO LIXO 100X144 200LT 0.18 FD 10KG|SACO LIXO 100X144 200LT 0.18 FD 10KG|||FD|07|39232190||39||17,00||
|0200|4903|LOVITA MORANGO RECHEADO C/ LEITE CONDENSADO 105G|7899767232303||UN|00|21050010||21||0,00|2300100|
|0200|7309|LOVITA LEITE TRUFADO|7899767232686||UN|00|21050010||21||0,00|2300100|
|0200|SAPOLIO SAPONAX WAVE 230ML|SAPOLIO SAPONAX WAVE 230ML|7898953804171||UN|07|34054000||34||1,80||
|0200|2951|CERV. NOVA SCHIN LATA 350ML|7896052605279||UN|00|22030000||22||25,00|0302100|
|0200|545|CERV.  EISENBAHN PILSEN 355ML|7898367980010||UN|00|22030000||22||25,00|0302100|
|0200|1466|WHISKY JOHNNIE WALKER RED LAB|||UN|00|22083020||22||0,00|0200100|
|0200|2240|AGUA DA SERRA LARANJINHA 250ML|7896272200803||UN|00|22021000||22||0,00|0301100|
|0200|CARTUCHO BRANCO MONO 2KG|CARTUCHO BRANCO MONO 2KG|||UN|07|48194000||48||17,00||
|0200|995|PACOQUITA SANTA HELENA 22G|7896336006631||UN|00|20079990||20||0,00|1709400|
|0200|2911|AGUA M. C/GAS VALLE VITA 500ML|||UN|00|22011000||22||0,00|0300500|
|0200|2913|ITUBAINA GARRAFINHA 237ML|7896052604715||UN|00|22021000||22||17,00|0301100|
|0200|1250|SONHO DE VALSA BOMBOM|7896019602006||UN|00|19053200||19||0,00|1705800|
|0200|718|I9 UVA VERDE|7894900110005||CX|00|22029900||22||0,00|0301500|
|0220|CX|6,000000|
|0200|717|I9 TANGERINA|7894900123562||CX|00|22029900||22||0,00|0301500|
|0220|CX|6,000000|
|0200|716|I9 LIMAO|7894900113563||CX|00|22029900||22||0,00|0301500|
|0220|CX|6,000000|
|0200|715|CIG. HOLLYWOOD ORIGINAL MACO|7891028126932||UN|00|24022000||24||25,00|0400100|
|0200|1790|SUCO DE LARANJA PRATS 900ML|7898953148169||UN|00|20091900||20||0,00|1701000|
|0200|712|CIG. HILTON LONGO MACO|7891028124303||UN|00|24022000||24||25,00|0400100|
|0200|711|CIG. HILTON AUTHENTIC KS TL|78934467||UN|00|24022000||24||17,00|0400100|
|0200|120|BACONZITO 55G|7892840120214||UN|00|19059090||19||17,00|1703100|
|0200|1397|TRIDENT HORTELA|7895800400159||CX|00|21069050||21||17,00|0301300|
|0220|CX|21,000000|
|0200|6849|LOVITA ACAI|7899767232655||UN|00|21050010||21||0,00|2300100|
|0200|MOLHO VERDE|MOLHO VERDE|7896054903359||CX|07|21039011||21||17,00||
|0200|1653|BOMBOM TRUFADO BRIGADEIRO 50G|7898956018100||UN|00|18069000||18||0,00||
|0200|14|ABSORVENTE COTTONBABY|7896227650158||UN|00|96190000||96||0,00|2005000|
|0200|5309|CERV. DEVASSA LOURA 350 ML|7898904771606||A|00|22030000||22||17,00||
|0220|A|12,000000|
|0200|1702|BALA TIC TAC COMO TE GUSTA 16G|7898024396482||UN|00|17049020||17||17,00|2806200|
|0200|5263|TORTA BRIGADEIRO FATIA|||UN|00|19059090||19||17,00|1703100|
|0200|5262|TORTA RAFAELLO FATIA|||UN|00|19059090||19||17,00|1703100|
|0220|CX|12,000000|
|0200|5261|TORTA BISCUIT LIMAO FATIA|||UN|00|19059090||19||0,00|1703100|
|0200|5260|TORTA MARTA ROCHA FATIA|||UN|00|19059090||19||0,00|1703100|
|0200|5|OLEO DIESEL S10|||L|00|27101921||27||12,00|0600605|
|0206|820101034|
|0200|1407|TRIDENT UNL MENTA|7622300846763||UN|00|21069050||21||17,00|0301300|
|0200|6567|AGUA SERRA DA GRACIOSA SEM GAS  1,5ML|||PCT|00|22011000||22||0,00|0300100|
|0220|PCT|6,000000|
|0200|1062|PINGO DE OURO BACON|7892840126216||UN|00|19059090||19||17,00|1703100|
|0200|1821|VINHO CAMPO LARGO TINTO SUAVE 750ML|||UN|00|22042100||22||0,00|0202400|
|0200|1064|PINGO DE OURO PICANHA GRELHADA|7892840127114||UN|00|19059090||19||17,00|1703100|
|0200|727|CERV. ITAIPAVA LATAO 473ML|7897395020217||UN|00|22030000||22||17,00|0302100|
|0200|1392|TRIDENT FRESH CEREJA ICE|7622300860905||UN|00|21069050||21||17,00|0301300|
|0200|4075|ISOTONICO IRONAGE UVA 500ML|7897395031985||UN|00|22029900||22||17,00|0301500|
|0200|416|CHOKITO NESTLE 32G|7891000003299||UN|00|18069000||18||0,00|1700900|
|0200|1388|TRIDENT 14S C/12 INTENSE|7622300847838||UN|00|21069050||21||17,00|0301300|
|0200|411|CHOCOLEITE 300ML|7896060506100||CX|00|22029900||22||0,00|1711500|
|0220|CX|24,000000|
|0200|1655|BOMBOM TRUFADO MARACUJA 50G|7898956018018||UN|00|18069000||18||0,00||
|0200|5911|CHIP PRE OI 4G|7890218178867||UN|00|85235200||85||0,00|2106300|
|0200|6254|DOCE DE LEITE COM CHOCOLATE 200G|||PC|00|19019020||19||0,00|1702900|
|0220|PC|1,000000|
|0200|593|FANTA UVA 350ML LATA|7894900059830||CX|00|22021000||22||17,00|0301100|
|0220|CX|6,000000|
|0200|592|FANTA UVA 2LTS|7894900051520||CX|00|22021000||22||17,00|0301000|
|0220|CX|8,000000|
|0200|6595|CIG. DUNHILL DOUBLE|7891028002144||UN|00|24022000||24||25,00|0400100|
|0200|CAFE GARIBALDI TRADIC 1Kg|CAFE GARIBALDI TRADIC 1Kg|||KG|00|09012100||09||0,00|1709600|
|0200|314|CARGA PESADA 30 ML|||UN|00|21069029||21||0,00|0301500|
|0200|6385|PAES DU PORTAL PAO DE SANDUICHE 550G|||UN|00|19059010||19||0,00|1706000|
|0200|6384|PAES DU PORTAL PAO DE CACHORRO QUENTE 350G|||UN|00|19059010||19||0,00|1706000|
|0200|6387|PAES DU PORTAL PAO SOVADAO|||PC|00|19059010||19||0,00|1706000|
|0220|PC|1,000000|
|0200|6386|PAES DU PORTAL PAO MINUTO 450G|||UN|00|19059010||19||0,00|1706000|
|0200|6381|PAES DU PORTAL PAO CASEIRO 550G|||UN|00|19059010||19||0,00|1706000|
|0200|6380|PAES DU PORTAL PAO INTEGRAL 450G|||UN|00|19059010||19||0,00|1706000|
|0200|3146|ICE 51 LIMAO 275 ML|7896002110419||UN|00|22089000||22||0,00|0200300|
|0200|6382|PAES DU PORTAL PAO DE SANDUICHE INTEGRAL 550G|||UN|00|19059010||19||0,00|1706000|
|0200|1928|BIG COXINHA|||UN|00|19022000||19||0,00||
|0200|3149|ICE 51 BALADA 275ML|7896002111041||UN|00|22089000||22||0,00|0200300|
|0200|6388|PAES DU PORTAL PAO DE HAMBURGUER 350G|||UN|00|19059010||19||0,00|1706000|
|0200|2822|REFRI PEPSI TWIST 2L|7892840802769||UN|00|22021000||22||17,00|0300700|
|0200|832|CIG. LUCKY STRIKE FRESH CLICK ROLL|78929944||UN|00|24022000||24||17,00|0400100|
|0200|833|CIG. LUCKY STRIKE RED KS CL|7891028001017||UN|00|24022000||24||25,00|0400100|
|0200|830|CIG. LUCKY STRIKE BLUE KS CL|7891028001833||UN|00|24022000||24||25,00|0400100|
|0200|831|CIG. LUCKY STRIKE CLICK&ROLL AZUL|78927612||UN|00|24022000||24||17,00|0400100|
|0200|AGUA SANITARIA BELLA DONA 5L 003|AGUA SANITARIA BELLA DONA 5L 003|||BB|07|28289011||28||1,80||
|0200|CR DT ICE FRESH DT BCO 144X90G|CR DT ICE FRESH DT BCO 144X90G|17896425511012||UN|07|33061000||33||0,00||
|0200|7361|CHIP TIM TRIPLO 4G|7899403631484||UN|00|85235200||85||0,00|2106300|
|0200|3964|CIG. CAMEL DOUBLE MINT/PURPLE|||UN|00|24022000||24||0,00|0400100|
|0200|3|ETANOL|||L|00|22071090||22||12,00||
|0206|210301001|
|0200|7535|OLEO LION API SL SAE 20W50 1L|7898285630677||UN|00|27101932||27||17,00|0600700|
|0200|1401|TRIDENT MORANGO|7895800400180||UN|00|21069050||21||17,00|0301300|
|0200|1400|TRIDENT MENTA|7895800304228||UN|00|21069050||21||17,00|2806200|
|0200|2266|GELO ERA DO GELO 3KG|||UN|00|22019000||22||1,25|2806300|
|0200|529|CIG. DUNHILL BLUE BLEND|7891028598029||UN|00|24022000||24||25,00|0400100|
|0200|1404|TRIDENT TUTI FRUTI|7895800400166||UN|00|21069050||21||17,00|0301300|
|0200|3582|ISOTONICO IRONAGE LARANJA  500ML|7897395032012||UN|00|22029900||22||0,00|0301500|
|0200|3583|ISOTONICO IRONAGE TANGERINA 500ML|7897395031923||UN|00|22029900||22||17,00|0301500|
|0200|1232|CERV. SKOL 350 ML LATA|7891149100002||UN|00|22030000||22||25,00||
|0200|1233|SKOL BEATS SENSES LONG NECK|7891149105588||UN|00|22089000||22||0,00|0200300|
|0200|445|CONHAQUE DREHER 900 ML|7896010002133||UN|00|22089000||22||0,00|0202300|
|0200|6933|FRUITTELLA 41G GELATO FRUTAS VERMELHAS|7895144204864||UN|00|17049020||17||17,00|2806200|
|0200|588|FANTA LARANJA 250ML|17894900031963||CX|00|22021000||22||17,00|0301100|
|0220|CX|12,000000|
|0200|6934|MENTOS PURE FRESH 3 STRONG MINT|7895144853734||UN|00|21069050||21||17,00|0301300|
|0200|100|AREON VANILA CHOCO|3800034952507||UN|00|33074900||33||0,00|2805500|
|0200|589|FANTA LARANJA 350ML LATA|7894900030075||UN|00|22021000||22||17,00|0301100|
|0200|784|KUAT 250ML|17894900911968||UN|00|22021000||22||17,00|0301100|
|0200|786|KUAT GUARANA 350 ML|7894900105117||UN|00|22021000||22||17,00|0301100|
|0200|2045|ISQUEIRO BIC GRAPHIC COLORIDO|||UN|00|96131000||96||17,00||
|0200|5248|MINISTER UNIQUE BOX|78934399||UN|00|24022000||24||17,00|0400100|
|0200|4051|PNEU 245 70X16 ATR REF|123456789009||UN|00|40121100||40||17,00|1600600|
|0200|SACO DE LIXO 50 L|SACO DE LIXO 50 L|||UN|07|39232190||39||0,00||
|0200|1725|RED BULL 355ML|9002490209346||UN|00|22029900||22||0,00|0301300|
|0200|5241|NOVO MINISTER SPECIAL KS HL HW|7891028002359||UN|00|24022000||24||25,00|0400100|
|0200|6378|PAES DU PORTAL PAO DE AIPIM 550G|||UN|00|19059010||19||0,00|1706000|
|0200|1965|VR MAULTIFLEX SUPER 10W40|7898285632916||UN|00|27101932||27||0,00|0600700|
|0200|1243|SMIRNOFF ICE RED 275 ML|||UN|00|22089000||22||0,00|0200100|
|0200|1534|ADIT STP CELSIUS VERDE 500ML|||UN|00|38249952||38||17,00|2806300|
|0200|1533|ADIT STP CELSIUS ROSA 500ML|||UN|00|38249952||38||17,00|2806300|
|0200|5877|WAFER MAXI COOKIES 117G|7891962048208||UN|00|19053200||19||0,00|1705700|
|0200|2836|REFRIGERANTE SCHIN CITRUS 350ML|7896052601646||UN|00|22021000||22||17,00|0301100|
|0200|649|GATORADE LIMAO 500ML|02800001580406||UN|00|22029900||22||0,00||
|0200|648|GATORADE LARANJA 500ML|02800001580390||UN|00|22029900||22||0,00||
|0200|5970|SUKITA UVA 200 ML|7896052600052||UN|00|22021000||22||17,00|0301100|
|0200|6375|PAES DU PORTAL PAO DE BATATA 550G|||UN|00|19059010||19||0,00|1706000|
|0200|1075|CIG. PLAZA CURTO|78900417||UN|00|24022000||24||17,00|0400100|
|0200|P-HIG TOM FS 30M C/4|P-HIG TOM FS 30M C/4|07898920699236||UN|07|48181000||48||0,00||
|0200|3805|IO IO NUTRI CHOC AVELA|7898292884001||UN|00|19053200||19||0,00|1705700|
|0200|3800|BOLINHO BAUD BRIGADEIRO 40G|7891962015484||UN|00|19052090||19||0,00|1705100|
|0200|2295|CHO BAR LAC LAKA OREO 150 GR|17622300851412||UN|00|18063220||18||0,00|1700300|
|0200|AGUA SANITARIA WAVE 5L|AGUA SANITARIA WAVE 5L|7898953804737||BB|07|28289019||28||1,80||
|0200|258|BONO MORANGO 140G|7891000018774||UN|00|19053100||19||0,00|1705300|
|0200|5139|DE MONTAO 60G|7892840251642||UN|00|20052000||20||17,00|1703200|
|0200|COPO TERM. DART 180ML C/25 (180 J6) CEST:1400600|COPO TERM. DART 180ML C/25 (180 J6) CEST:1400600|||UN|07|39241000||39||0,00||
|0200|68|AMENDOIM JAPONES DORI 70G|7896058500738||UN|00|20081100||20||0,00|2806200|
|0200|2199|BOMBOM TRUFADO DOIS AMORES 50G|7898956018117||UN|00|18069000||18||0,00||
|0200|256|BONO CHOCOLATE 140G|7891000018750||UN|00|19053100||19||0,00|1705300|
|0200|2 LUVA VINIL TALGE C/ PO *G 1X100UN|2 LUVA VINIL TALGE C/ PO *G 1X100UN|7898941898069||CX|07|39262000||39||17,00||
|0200|7286|FREE MACO VERMELHO POLI|78934627||UN|00|24022000||24||17,00|0400100|
|0200|854|CIG. MARLBORO FILTER PLUS|||UN|00|24022000||24||0,00|0400100|
|0200|1423|USO E CONSUMO|7896054906053||CX|07|39232190||39||17,00||
|0220|CX|1,000000|
|0200|857|CIG. MARLBORO GOLD MACO|||UN|00|24022000||24||0,00|0400100|
|0200|7269|PRUDENCE CAFE 3UN.|7898079002970||UN|00|40141000||40||17,00|1301300|
|0200|851|MANTEIGA DE CACAU 3.0G|||UN|00|33049990||33||17,00|2001500|
|0200|2155|LION SINTETICO SAE 5W30 1LT|7898285633388||L|00|27101932||27||17,00|0600700|
|0220|L|1,000000|
|0200|2208|BOMBOM TRUFADO BEIJINHO 50G|7898956018094||UN|00|18069000||18||0,00||
|0200|1428|VELHO BARREIRO 910ML|7896050200124||UN|00|22084000||22||0,00|0200400|
|0200|ONLINE VIVO|ONLINE VIVO|||UN|07|84869000||84||0,00||
|0200|1584|AGUA M S/GAS VALLE VITA 500ML|||UN|00|22011000||22||0,00|0300500|
|0200|731|CERV. ITAIPAVA PREMIUM 355ML|7897395010119||UN|00|22030000||22||17,00|0302100|
|0200|555|EQLIBRI QUEIJO SUAVE 40G|7892840226442||UN|00|19041000||19||17,00|1703000|
|0200|733|ITUBAINA 2 LITROS MACA|7896052600243||UN|00|22021000||22||17,00|0301000|
|0200|5901|LUX TENTACAO FLORAL 85G|7891150043619||CX|00|34011190||34||0,00|2003400|
|0220|CX|12,000000|
|0200|735|ITUBAINA RETRO SCHIN 355ML|7896052603497||UN|00|22021000||22||17,00|0301100|
|0200|734|ITUBAINA RETRO LATA 350ML|7896052604975||UN|00|22021000||22||17,00|0301100|
|0200|3 MOLHO DE PIMENTA *150 D AJUDA 1X150ML|3 MOLHO DE PIMENTA *150 D AJUDA 1X150ML|7896054906718||UN|07|21039021||21||0,00||
|0200|506|CIG. DERBY AZUL MACO|7891028408809||UN|00|24022000||24||25,00|0400100|
|0200|507|CIG. DERBY PRATA MACO|78930025||UN|00|24022000||24||17,00|0400100|
|0200|505|DELVALLE+MANGA 335 ML|17898341430958||UN|00|22029900||22||0,00|0300800|
|0200|502|DELVALLE PESSEGO 335ML|7898341430258||CX|00|22029900||22||0,00|0300800|
|0220|CX|6,000000|
|0200|503|DELVALLE UVA 335 ML|17898341431016||CX|00|20098990||20||0,00|1701000|
|0220|CX|6,000000|
|0200|501|DELVALLE PESSEGO 1LT|17898341431603||UN|00|22029900||22||0,00|1711200|
|0200|630|FRUITTELLA 45G MORANGO/CR.LEIT|7895144228518||UN|00|17049020||17||17,00|2806200|
|0200|1211|SEDA PURE HEMP KING SIZE|||CX|00|48131000||48||17,00||
|0220|CX|50,000000|
|0200|1216|SEDA SMOKING DE LUXE PQNA PRET|||UN|00|48131000||48||17,00||
|0200|2582|CIG. CAMEL AZUL|||UN|00|24022000||24||0,00|0400100|
|0200|2581|CIG. CAMEL AMARELO|||UN|00|24022000||24||0,00|0400100|
|0200|1215|SEDA SMOKING KUKUXUMUSU BY|||UN|00|48131000||48||17,00||
|0220|CX|50,000000|
|0200|1352|TOALHA UMEDECIDA ANJINHO AZUL|7898172341822||PC|00|34011900||34||0,00|2003501|
|0220|PC|1,000000|
|0200|1218|SEDA SMOKING MASTER PQ|||UN|00|48131000||48||17,00||
|0200|460|CERV. CORONA EXTRA 355ML|7501064194177||UN|00|22030000||22||25,00||
|0200|5026|CURATIVO COTTOBABY|7896227630389||UN|00|30051030||30||0,00|1301000|
|0200|2015|VARIEDADES LACTA CX 302GR|17622300990555||UN|00|18069000||18||0,00|1700400|
|0200|5557|PIPOTECA 110G|7896308078178||UN|00|19059090||19||0,00|1703600|
|0200|2633|LUBRAX TOP TURBO 15W40 1L CHAPADAO|7891344001517||UN|00|27101932||27||0,00|0600500|
|0200|280|CERV. BUDWEISER LATA 350 ML|7891991010825||UN|00|22030000||22||25,00||
|0200|6950|LACTA BRANCOS EDICAO LIMITADA 215G|7622210713346||UN|00|18063220||18||0,00|1700300|
|0200|167|BARRA AO LEITE LACTA|17622300851603||UN|00|18063210||18||0,00|1700300|
|0200|95|AREON SPORT LUX GOLD|3800034957977||UN|00|33074900||33||0,00|2805500|
|0200|5558|PIPOTECA - CEBOLA 110G|7896308078239||UN|00|19059090||19||0,00||
|0200|5183|NESCAU 0 LACTOSE 200 ML|7891000110881||UN|00|22029900||22||0,00|1711500|
|0200|5959|OLEO HIDRAULICO ATF 1000ML|||UN|00|27101932||27||0,00|0600700|
|0200|5958|ADITIVO BREAK SMOKE 500ML|||UN|00|27101932||27||0,00|0600700|
|0200|3681|LIMPA PARABRISA REDE JUNINHO|7898957393114||UN|00|38112110||38||17,00|2806300|
|0200|RODO P/ PISTA 1MT|RODO P/ PISTA 1MT|||UN|07|96039000||96||0,00||
|0200|968|NEGRESCO NESTLE 140G|7891000023808||UN|00|19053100||19||0,00|1705300|
|0200|1 ACUCAR **SACHE**CARAVELAS 1000X5GR|1 ACUCAR **SACHE**CARAVELAS 1000X5GR|7896894900181||CX|07|17019900||17||17,00||
|0200|284|BURN 1 LITRO|17894900401711||UN|00|22029900||22||0,00|0300800|
|0200|PAPEL HIG. TORK UNIV. JUMBO 12/300M FS|PAPEL HIG. TORK UNIV. JUMBO 12/300M FS|||CX|07|48181000||48||0,00|2004100|
|0200|1102|PRESTIGIO NESTLE 33G|7891000460214||UN|00|18069000||18||0,00|1700200|
|0200|935|MILLER LONG 355ML|7897395011055||UN|00|22030000||22||17,00|0302100|
|0200|5812|ENERGETICO MONSTER 473ML|0070847022503||UN|00|22029900||22||0,00|0301300|
|0200|783|KITKAT NESTLE 45G|7613033353338||UN|00|19053200||19||0,00|1705800|
|0200|5114|SALG. CHEETOS PARMESAO 140G|7892840252649||UN|00|19041000||19||17,00|1703000|
|0200|742|KAISER 250 ML|7896045503827||UN|00|22030000||22||0,00|0302100|
|0200|743|CERV. KAISER LATAO 473 ML|7896045503414||UN|00|22030000||22||0,00|0302100|
|0200|744|CERV. KAISER LATA 350 ML|7896045512317||UN|00|22030000||22||0,00|0302100|
|0200|5113|RUFFLES CEBOLA E SALSA 96GR|7892840254643||UN|00|20052000||20||17,00|1703200|
|0200|LUSTRA MOVEIS WAVE 230ML|LUSTRA MOVEIS WAVE 230ML|7898953804089||UN|07|34052000||34||1,80||
|0200|748|KEEP COLLER PESSEGO|||UN|00|22060090||22||0,00|0200500|
|0200|788|CIG. L&M BOX|78931329||UN|00|24022000||24||0,00|0400100|
|0200|ONLINE TIM|ONLINE TIM|||UN|07|84869000||84||0,00||
|0200|553|EPAMIX 10 ML|||CX|00|13021190||13||0,00|2806200|
|0220|CX|60,000000|
|0200|2632|LUBRAX TOP TURBO 15W40 3L|7891344009193||UN|00|27101932||27||0,00|0600500|
|0200|6897|ARLA 32 GRANEL LITRO|||L|00|31021010||31||17,00||
|0200|5888|SHOT 90G|7622300991388||UN|00|18063210||18||0,00|1700300|
|0200|230|BISCOITO TUCS TRADICIONAL|7896061300677||UN|00|19053100||19||0,00|1705302|
|0200|426|COCA COLA 600ML|||CX|00|22021000||22||0,00|0301000|
|0220|CX|11,000000|
|0200|5052|SALG CEBOLITOS 110G|7892840255541||UN|00|19041000||19||17,00|1703000|
|0200|1199|SCHWEPPES CITRUS 1.5 LTS|17894900321750||UN|00|22021000||22||17,00|0301000|
|0200|SACO DE LIXO BOMPACK 100LT FORTE|SACO DE LIXO BOMPACK 100LT FORTE|||FD|07|39232190||39||0,00||
|0200|1810|HIDROTONICO I9 MARACUJA 500ML|7894900111002||UN|00|22029900||22||0,00|0301500|
|0200|5192|CIG. WINSTON CLASSIC NATURAL|||UN|00|24022000||24||0,00|0400100|
|0200|SACO DE LIXO BOMPACK 150LT|SACO DE LIXO BOMPACK 150LT|||CX|07|39232190||39||17,00||
|0200|7579|JOHNNIE WALKER BLACK LABEL 1L|||UN|00|22083020||22||0,00|0201600|
|0200|7202|CHOC. LACTA SONHO OREO 90GR|7622300992040||UN|00|18069000||18||0,00|1700900|
|0200|1193|CIG. SAMPOERNA CRAVO|78900158||UN|00|24022000||24||0,00|0400100|
|0200|1192|SALGADOS 5.50|||UN|00|19059090||19||0,00|1703100|
|0220|PCT|10,000000|
|0200|1194|CIG. SAMPOERNA MENTHOL|78939332||UN|00|24022000||24||0,00|0400100|
|0200|2220|BEB VODKA NATASHA 1 LT|7891125063000||UN|00|22086000||22||0,00|0201800|
|0200|1|GASOLINA COMUM|||L|00|27101259||27||12,00|0600201|
|0206|320102001|
|0200|2035|BOMBOM TRUFADO COCO 50G|7898956018025||UN|00|18069000||18||0,00||
|0200|4591|PNEU 175 70X13 CONT. REF|||UN|00|40121100||40||17,00|1600600|
|0200|DETERGENTE WAVE 5L|DETERGENTE WAVE 5L|7898953804836||BB|07|34022000||34||1,80||
|0200|2031|DIAMANTE NEGRO 150G|17622300851825||UN|00|18063210||18||0,00|1700300|
|0200|2030|FOSFORO UNIDADE|7896007913121||UN|00|36050000||36||17,00||
|0200|8 CAT CHUP *D AJUDA SACHE 192X7GR|8 CAT CHUP *D AJUDA SACHE 192X7GR|7896054903342||CX|07|21032010||21||17,00||
|0200|1754|REFRI SPRITE 2L - ERRO|7894900061529||UN|00|22021000||22||17,00|0301000|
|0200|1753|PEPSI TWIST 350ML LATA|7892840802790||UN|00|22021000||22||17,00||
|0200|1750|MINI SCHIN COLA 250ML|7896052601103||UN|00|22021000||22||17,00|0301100|
|0200|1278|SUCO DE UVA PRATS 330ML|7898953148213||UN|00|20096100||20||0,00|1701000|
|0200|891|MENTOS PURE FRESH 8.5G SPEARMI|7895144852935||UN|00|21069050||21||17,00|0301300|
|0200|714|CIG. HOLLYWOOD MINT BOX|78934504||UN|00|24022000||24||17,00|0400100|
|0200|LUVA BOMPACK VERNIZ AZUL M UN|LUVA BOMPACK VERNIZ AZUL M UN|||UN|07|40151900||40||4,00||
|0200|1277|SUCO DE LARANJA PRATS 330ML|7898953148015||UN|00|20091900||20||0,00|1701000|
|0200|1249|SOL PREMIUM LN NOVA|78934115||UN|00|22030000||22||0,00|0302100|
|0200|754|KINDER BUENO WHITE|80761761||UN|00|19053200||19||0,00|1705800|
|0200|PAPEL TOALHA TORK ADV. INTERF. 16/250 FS|PAPEL TOALHA TORK ADV. INTERF. 16/250 FS|||CX|07|48182000||48||0,00|2004300|
|0200|6371|RED HORSE POWER DRINK 2,1L|7898422674328||UN|00|22021000||22||0,00|0300700|
|0200|SABON MARAN SVE PESS 108X90G|SABON MARAN SVE PESS 108X90G|17896394800476||UN|07|34012010||34||0,00||
|0200|SABONETE ESPUMA TORK SUAVE 1L|SABONETE ESPUMA TORK SUAVE 1L|||RF|07|34013000||34||0,00|2003700|
|0200|263|BRAHMA MALZBIER LONG NECK|7891149040360||CX|00|22030000||22||25,00||
|0220|CX|24,000000|
|0200|5834|BATON CREME MORANGO 16G|7891008238969||UN|00|18063110||18||0,00|1700200|
|0200|7334|CLARO CHIP + 10 DE RECARGA|7898148046560||UN|00|85235200||85||0,00|2106300|
|0200|2126|TRAKINAS CHOCOLATE 143G|7622300741013||UN|00|19053100||19||0,00|1705300|
|0200|2129|SALGADOS DIVERSOS|||UN|00|19022000||19||0,00|1704802|
|0200|947|MINISTER SPECIAL MACO|78934313||UN|00|24022000||24||17,00|0400100|
|0200|3115|SALG BILU PIC PREMIUM PIZ 50G|7896222222008||UN|00|19049000||19||0,00|1703000|
|0200|945|MINI SCHIN LARANJA 250ML|7896052601127||UN|00|22021000||22||17,00|0301100|
|0200|2087|CERV. SCHIN PILSEN 473ML|7896052605316||UN|00|22030000||22||25,00|0302100|
|0200|3111|AMENDOIM SALG LUNA 200G|7898008710464||UN|00|20081100||20||17,00|1703300|
|0200|5195|BIS XTRA OREO45G|17622300988538||UN|00|19053200||19||0,00|1705800|
|0200|CART.HAMBURGAO SIMPLES 14X40CM C/500|CART.HAMBURGAO SIMPLES 14X40CM C/500|||UN|07|48194000||48||17,00||
|0200|353|CERVEJA DESPERADOS 330ML|7896045504657||CX|00|22030000||22||0,00|0302100|
|0220|CX|18,000000|
|0200|688|HALLS MENTA|7895800169049||UN|00|17049020||17||17,00|2806200|
|0200|7578|JOSE CUERVO ESPECIAL TEQUILA RESOSADO 70C|||UN|00|22089000||22||0,00|0201600|
|0200|684|HALLS CEREJA|7895800169230||UN|00|17049020||17||17,00|2806200|
|0200|687|HALLS MELANCIA-LYPTUS|7895800430453||UN|00|17049020||17||17,00|2806200|
|0200|686|HALLS EXTRA FORTE|7895800169193||UN|00|17049020||17||17,00|2806200|
|0200|6036|CIG. MARLBORO DOUBLE MIX|||UN|00|24022000||24||0,00|0400100|
|0200|2687|BARRA CEREAL TRIO MORANGO/CHOC|7897900317641||UN|00|19042000||19||0,00|1704200|
|0200|7187|BAGUETE DA RAQUEL|||UN|00|19059010||19||0,00|1706000|
|0200|215|TORTINHAS CHOCOLATE 160G|7896022056513||UN|00|19053100||19||0,00|1705300|
|0200|COLHER STRAW. FORTE BRANCA C/50 UN (CSB-606) CEST:1400600|COLHER STRAW. FORTE BRANCA C/50 UN (CSB-606) CEST:1400600|||UN|07|39241000||39||0,00||
|0200|5191|CIG. WINSTON BLUE NATURAL CIGARRO|||UN|00|24022000||24||0,00|0400100|
|0200|SACO DE LIXO BOMPACK 50LT|SACO DE LIXO BOMPACK 50LT|||UN|07|39232190||39||0,00||
|0200|499|DELVALLE GOIABA 335 ML|17898341430996||CX|00|22021000||22||0,00|0300700|
|0220|CX|6,000000|
|0200|P. MANTEIGA BOMPACK 0.28X7.5 MTS C/25|P. MANTEIGA BOMPACK 0.28X7.5 MTS C/25|||CX|07|48064000||48||17,00||
|0200|7382|CERV. BRAHMA EXTRA LAGER LATA 350ML|7891149107025||UN|00|22030000||22||25,00|0302100|
|0200|7383|TRIDENT MIX CANELA+HORTEA|7622210698063||UN|00|21069050||21||17,00|0301300|
|0200|5071|SALG FANDANGOS PRESUNTO 164G|7892840255947||UN|00|19041000||19||17,00|1703000|
|0200|490|DEL VALLE MAIS GOIABA 1L|17898341431610||CX|00|22029900||22||0,00|0300800|
|0220|CX|6,000000|
|0200|491|DEL VALLE MAIS LARANJA 1LT|17898341431658||CX|00|22029900||22||0,00|1711200|
|0220|CX|6,000000|
|0200|493|DEL VALLE MAIS MARACUJA 335ML|17898341431030||CX|00|22021000||22||0,00|1711200|
|0220|CX|6,000000|
|0200|1776|PICOLE NESTLE CONE LOLLO 77G|7891000099995||UN|00|21050010||21||0,00|2300100|
|0200|7453|MAXON  15W40 20L|||UN|00|27101932||27||0,00|0600500|
|0200|6574|DERBY CAPSULE BOOST KS HL HW MENTA|78935785||UN|00|24022000||24||17,00|0400100|
|0200|7598|URSA LA3 SAE 15W40 API CH-4 4LITROS|||CX|00|27101932||27||0,00|0600700|
|0220|CX|6,000000|
|0200|7451|CIG. CHESTERFIELD BLUE BOX|||PCT|00|24022000||24||0,00|0400100|
|0220|PCT|10,000000|
|0200|6579|PICOLE LOVITA TRIO 80G|7899767232624||UN|00|21050010||21||0,00|2300100|
|0200|CART. BRANCO MONO 2KG|CART. BRANCO MONO 2KG|||UN|07|48194000||48||17,00||
|0200|2406|COTONETE COTTONBABY 75UNIDADE|7896227620014||CX|00|56012190||56||0,00|2005100|
|0220|CX|1,000000|
|0200|5 CAT CHUP *D AJUDA SACHE 192X7GR|5 CAT CHUP *D AJUDA SACHE 192X7GR|7896054903342||CX|07|21032010||21||17,00||
|0200|1372|TORTINHAS MORANGO|7896022056483||PC|00|19053100||19||0,00|1705300|
|0220|PC|1,000000|
|0200|6322|AREON VANILLA BLACK|3800034967419||UN|00|33074900||33||0,00|2805500|
|0200|2152|PRUDENCE CAIPIRINHA 3UN|7898079000501||PC|00|40141000||40||17,00|1301300|
|0220|PC|1,000000|
|0200|281|CERV. BUDWEISER LONG NECK 343 ML - ERRO|7891991010849||UN|00|22030000||22||25,00||
|0200|1675|CHOC LACTA LAKA 150G|17622300851788||UN|00|17049010||17||0,00|1705300|
|0200|1 POTE PPLAST RETANGULAR C/TAMPA P10**F 1X100UN|1 POTE PPLAST RETANGULAR C/TAMPA P10**F 1X100UN|7898364440029||UN|07|39239000||39||17,00||
|0200|7699|SARANDI LARANJA 340ML|07896385801348||UN|00|22021000||22||0,00|0300700|
|0200|4076|ISOTONICO IRONAGE LIMAO 500ML|7897395031954||UN|00|22029900||22||17,00|0301500|
|0200|1673|CHOC KINDER TABLETE 12,5G|8000500125038||UN|00|18063110||18||0,00|1700200|
|0200|5383|TORTA DANONE|||UN|00|19059090||19||0,00|1703100|
|0200|670|GUARANA ANTARTICA 2LTS|7891991003148||UN|00|22021000||22||17,00|0301000|
|0200|671|GUARANA ANTARTICA 600ML|7891991002967||UN|00|22021000||22||17,00|0301000|
|0200|672|GUARANA ANTARTICA BLACK 350ML|7891991011990||UN|00|22021000||22||17,00|0300700|
|0200|673|GUARANA ANTARTICA LATA|||UN|00|22021000||22||0,00||
|0200|COPO BOMPACK ABNT PREMIUM 180ML C/100 (BPT-180 TR PP) CEST:1|COPO BOMPACK ABNT PREMIUM 180ML C/100 (BPT-180 TR PP) CEST:1|||UN|07|39241000||39||0,00||
|0200|260|CERV. BRAHMA CHOPP LATA 350 ML|7891149100019||UN|00|22030000||22||25,00||
|0200|4567|CIG. LUCKY STRIKE DOUBLE CLICK|78932753||UN|00|24022000||24||17,00|0400100|
|0200|264|CERVEJA BRAHMA ZERO ALCOOL 350ML|7891149104949||UN|00|22029100||22||17,00|0302200|
|0200|4568|PAO DE QUEIJO|4568||UN|00|19012000||19||17,00|1704600|
|0200|SACO DE LIXO 100L|SACO DE LIXO 100L|||FD|07|39232190||39||0,00||
|0200|7318|TRIDENT TANGERINA LARANJA 8G|7622210698353||UN|00|21069050||21||17,00|0301300|
|0200|7315|CIG. KENT VERDE BOX|7891028005992||UN|00|24022000||24||25,00|0400100|
|0200|MAIONESE DJUDA SACHE|MAIONESE DJUDA SACHE|7896054903359||CX|07|21039011||21||17,00||
|0200|2994|AMENDOIM DOCE ESCURO LUNA 200|7898008710082||UN|00|20081100||20||0,00|1703300|
|0200|7601|FANTA GUARANA 350ML LATA|7894900093063||CX|00|22021000||22||17,00|0301100|
|0220|CX|6,000000|
|0200|534|CIG. DUNHILL NANOCUT MASTER BLEND|7891028598166||UN|00|24022000||24||25,00|0400100|
|0200|829|LUBRAX ESSESNCIAL 2T 200ML CHAPADAO|7891344000282||UN|00|27101932||27||17,00|0600700|
|0200|4482|CERV. SCHIN ZERO ALCOOL LATA|7896052605415||UN|00|22029100||22||17,00|0302200|
|0200|1558|ACHOC PRONTO CHOCO LEITE 500ML|7896060506087||UN|00|22029900||22||0,00|1711500|
|0200|SACO DE LIXO BOMPACK 50L|SACO DE LIXO BOMPACK 50L|||UN|07|39232190||39||0,00||
|0200|1345|TIC TAC MENTA|7898024393184||UN|00|17049020||17||17,00|2806200|
|0200|374|CHOC. CHARGE NESTLE 40G|7891000464915||UN|00|18069000||18||0,00|1700200|
|0200|3144|BEB 51 ICE FRUTAS VERM.275ML|7896002111225||UN|00|22089000||22||0,00|0200100|
|0200|4899|LOVITA LIMAO 70G|7899767232402||UN|00|21050010||21||0,00|2300100|
|0200|425|COCA COLA 350ML LATA|7894900010077||UN|00|22021000||22||17,00|0301100|
|0220|CX|10,000000|
|0200|2773|PICOLE NESTLE CONE SENSACAO 74G|7891000100158||UN|00|21050010||21||0,00|2300100|
|0200|700|HALLS UVA VERDE|7895800432983||UN|00|17049020||17||17,00|2806200|
|0200|VASSOURAO P/ CAMINHAO CABO CRU1,50MT|VASSOURAO P/ CAMINHAO CABO CRU1,50MT|||UN|07|96039000||96||0,00||
|0200|SACO DE LIXO BOMBACK 150L|SACO DE LIXO BOMBACK 150L|||CX|07|39232190||39||17,00||
|0200|6140|CIG. DUNHILL CARLTON BLEND|7891028004896||UN|00|24022000||24||25,00|0400100|
|0200|6147|PICOLE NESTLE CONE SERENATA|7891000098875||UN|00|21050010||21||0,00|2300100|
|0200|TELA ODORIZANTE CEREJA (VERMELHO) CEST:1001300|TELA ODORIZANTE CEREJA (VERMELHO) CEST:1001300|||UN|07|39229000||39||0,00||
|0200|80|AREON COCONUT|3800034952361||UN|00|33074900||33||0,00|2805500|
|0200|81|AREON ELEGANCE ROSA|3800034952378||UN|00|33074900||33||0,00|2805500|
|0200|2842|GUARANA ANTARCTICA 237ML|7891991005883||UN|00|22021000||22||17,00||
|0200|5761|DOCE BRIGADEIRO / BEIJINHO UN|||UN|00|19059010||19||0,00|1706000|
|0200|797|LAMEN GALINHA CAIPIRA|17891079000226||UN|00|19023000||19||0,00|1704700|
|0200|4045|PNEU 175 65X14 ASSURANCE REF|||UN|00|40121100||40||17,00|1600600|
|0200|794|LAKA 20G|7622300862466||UN|00|17049010||17||0,00|1700100|
|0200|5256|EMPADAO FATIA|||UN|00|19022000||19||17,00|1703100|
|0200|4806|DISQUETI DORI 18GR|7896058510188||UN|00|18069000||18||0,00|1700900|
|0200|5871|ENERGY K ORIGINAL 500ML|7896052606009||UN|00|22029900||22||17,00|0301300|
|0200|5564|AGUA OURO FINO FITNESS 510 ML|||UN|00|22011000||22||0,00|0300100|
|0200|2300|LACTA 5 STAR|7622300867119||UN|00|18069000||18||0,00|1700900|
|0200|5258|TORTA DOCE SABORES FATIA|||UN|00|19059090||19||17,00|1703100|
|0200|4048|PNEU 195 55X15 TOYO REF|||UN|00|40121100||40||17,00|1600600|
|0200|4049|PNEU 195 60X15 POTENZA 740 REF|||UN|00|40121100||40||17,00|1600600|
|0200|5315|CHIP VIVO C/ RECARGA|7898296950849||UN|00|85235200||85||0,00||
|0200|5314|LOVITA MILHO VERDE 70G|7899767232273||UN|00|21050010||21||0,00|2300100|
|0200|429|COCA COLA ZERO 250ML|7894900701968||UN|00|22021000||22||17,00|0301100|
|0200|1525|OLEO LUBRAX 2T 500ML|7891344000275||UN|00|27101932||27||0,00|0600500|
|0200|2170|COCA COLA ZERO 600ML|7894900701654||UN|00|22021000||22||17,00|0301000|
|0200|5842|SKOL BEATS SECRET 313ML|7891149106806||UN|00|22089000||22||0,00|0200300|
|0200|1399|TRIDENT MELANCIA|7895800400227||UN|00|21069050||21||17,00|0301300|
|0200|2175|LACTA AO LEITE 20GR|7622300862374||UN|00|18063210||18||0,00|1700300|
|0200|DESINFETANTE WAVE TALCO 05L|DESINFETANTE WAVE TALCO 05L|7898953804386||BB|07|38089429||38||1,80||
|0200|1396|TRIDENT HERBAL FRESH|7895800400210||UN|00|21069050||21||17,00|0301300|
|0200|1650|BIS AO LEITE LACTA 126G|17622300807372||UN|00|19053200||19||0,00|1705800|
|0200|1651|BIS LAKA 126G|7622300807283||UN|00|19053200||19||0,00|1705800|
|0200|1656|BOMBOM TRUFADO NAPOLITANO 50G|7898956018124||UN|00|18069000||18||0,00||
|0200|424|COCA COLA 2 LT|||UN|00|22021000||22||0,00|0301000|
|0200|427|COCA COLA MINI 250 ML|17894900011965||CX|00|22021000||22||17,00|0301100|
|0220|CX|12,000000|
|0200|1390|TRIDENT 14S C/12 MENTA|7622300847807||UN|00|21069050||21||17,00|0301300|
|0200|308|CAMPO LARGO TINTO SECO 750ML|||UN|00|22042100||22||0,00|0202400|
|0200|587|FANTA LARANJA 2 LTS|7894900031522||CX|00|22021000||22||17,00|0301000|
|0220|CX|8,000000|
|0200|3661|MARILAN TORTINHAS BAUNY|7896003703863||UN|00|19053100||19||0,00|1705302|
|0200|3660|MARILAN COOKIES ORIGINAL 80GR|7896003704471||UN|00|19053100||19||0,00|1705300|
|0200|1133|RED BULL RED 250 ML|09002490220792||UN|00|22029900||22||0,00|0301300|
|0200|1212|SEDA PURE HEMP VERDE (P)|||UN|00|48131000||48||17,00|1400300|
|0200|1131|RED BULL 473 ML|09002490214173||UN|00|22029900||22||0,00|0301300|
|0200|1130|RED BULL 250 ML|611269991000||UN|00|22029900||22||0,00|0301300|
|0200|856|CIG. MARLBORO GOLD BOX|||UN|00|24022000||24||0,00|0400100|
|0200|1135|RED BULL SUGARFREE|611269101713||UN|00|22029900||22||0,00|0301300|
|0200|4969|NITRIX 2,1L|7898925513025||UN|00|22029900||22||0,00|0301400|
|0200|1343|TIC TAC LARANJA|7898024393191||UN|00|17049020||17||17,00|2806200|
|0200|244|BON GOUTER PARMESAO NABISCO 10|7893333733355||UN|00|19059020||19||0,00|1705602|
|0200|247|BON GOUTER SUICO NABISCO|7893333733317||UN|00|19059020||19||0,00|1705602|
|0200|1930|SANDUICHE BAGUETE|||UN|00|19059010||19||0,00|1706000|
|0200|614|FORCE 220V 6UND|||CX|00|29393010||29||0,00|2806300|
|0220|CX|20,000000|
|0200|246|BON GOUTER QUEIJO E TOMATE SEC|7893333733362||UN|00|19059020||19||0,00|1705600|
|0200|2837|SUCO SKINKA FRUTAS CITRICAS 450ML|7896052601516||UN|00|22021000||22||0,00|1711100|
|0200|1258|REFRI SPRITE 600ML|7894900061604||UN|00|22021000||22||0,00|0301000|
|0200|2835|REFRIGERANTE SKIN GUARANA 2LT|7896052600076||UN|00|22021000||22||17,00|0301000|
|0200|5120|SALG RUFFLES ORIGINAL 167G|7892840253643||UN|00|20052000||20||17,00|1703200|
|0200|1389|TRIDENT 14S C/12 MELANCIA|7622300847753||UN|00|21069050||21||17,00|0301300|
|0200|2774|MINISTER UNIQUE KS NR|78933132||UN|00|24022000||24||17,00|0400100|
|0200|2578|PEN DRIVE 4G SONICA|||UN|00|85235190||85||0,00|2806300|
|0200|3013|ENERGETICO BALY ENERG GFA 250M|7898080662200||UN|00|22029900||22||0,00|0301300|
|0200|7308|LOVITA OVO MALTINE|7899767232693||UN|00|21050010||21||0,00|2300100|
|0200|7091|URSA LA3 15W40 APICH-4 1 LITRO|||CX|00|27101932||27||0,00|0600700|
|0220|CX|24,000000|
|0200|3016|ENERGETICO NITRIX 270ML|7898925513018||CX|00|22029900||22||0,00|0301300|
|0220|CX|12,000000|
|0200|7376|GUARANA SARANDI 340ML|7896385801331||UN|00|22021000||22||0,00|0300700|
|0200|3014|ENERGETICO BALY ENERGY DRI 1L|7898080660565||UN|00|22029900||22||0,00|0301400|
|0200|3015|ENERGETICO NITRIX 1L/1,250L|7898939867022||UN|00|22029900||22||0,00|0301400|
|0200|7548|PAO PICANTE DA RAQUEL 300G|||UND|00|19059010||19||0,00|1706000|
|0220|UND|1,000000|
|0200|518|DJARUM BLACK MENTHOL|||UN|00|24022000||24||0,00|0400100|
|0200|2676|FRANBOESA SERRA P 1LT|7896272200322||UN|00|22021000||22||0,00|0301000|
|0200|512|CHOC. DIAMANTE NEGRO 20G|7622300862299||UN|00|18063210||18||0,00|1700300|
|0200|1003|PALHETA AUTOIMPACT 18``|||UN|00|85124010||85||0,00|0105500|
|0200|7547|PAO PICANTE DA RAQUEL 130G|||UND|00|19059010||19||0,00|1706000|
|0220|UND|1,000000|
|0200|3593|SKINKA FRUTAS VERMELHAS 450ML|7896052601523||UN|00|22021000||22||0,00|1711100|
|0200|GUARDANAPO TORK UNIV XPRESSNAP - DX900|GUARDANAPO TORK UNIV XPRESSNAP - DX900|||CX|07|48183000||48||0,00|2004500|
|0200|2590|DOCE DE LEITE 200G|||PC|00|19019020||19||0,00|1702900|
|0220|PC|1,000000|
|0200|2921|BISC LUNA MERENGUE AMEND 150G|||UN|00|19053100||19||17,00|1705300|
|0200|2920|BISC LUNA FLOCOS ARROZ DC 100G|||UN|00|19041000||19||0,00|1703000|
|0200|2923|BISC LUNA SUSPIRO 100G|7898008710334||UN|00|19059090||19||17,00|1706200|
|0200|2922|BISC LUNA ORELHA DE GATO 250G|7898008710532||UN|00|19059090||19||17,00|1706200|
|0200|6523|LOVITA SKIMO|7899767232570||UN|00|21050010||21||0,00|2300100|
|0200|5391|CERV. HEINEKEN LONG NECK 330ML|78936683||UN|00|22030000||22||0,00|0302100|
|0220|CX|24,000000|
|0200|2407|CREME DENTAL SORRISO|7891528020600||UN|00|33061000||33||0,00|2002300|
|0200|SACO DE LIXO 150 L|SACO DE LIXO 150 L|||CX|07|39232190||39||17,00||
|0200|ONLINE CLARO|ONLINE CLARO|||UN|07|84869000||84||0,00||
|0200|2076|BISC BAUDUCCO WAFER CHOCOLATE 140G|7891962036984||UN|00|19053200||19||0,00|1705700|
|0200|4749|TRIDENT FRESH LIMAO ICE|7622300989552||UN|00|21069050||21||17,00|0301300|
|0200|974|NESQUIK MORANGO 200ML|17891000038922||UN|00|22029900||22||12,00|1711500|
|0200|4067|PEPSI TWIST 600ML|7892840802806||UN|00|22021000||22||17,00|0301000|
|0200|FILTRO DE AR 1/4|FILTRO DE AR 1/4|||UN|07|84213990||84||0,00||
|0200|970|NESCAU 200ML|17891000037918||UN|00|22029900||22||0,00|1711500|
|0200|4824|ACUCAR CARAVELAS 1K|7896894900013||UN|07|17019900||17||0,00|1709900|
|0200|ALCOOL DA ILHA LIQUIDO 1L 46,2 2351|ALCOOL DA ILHA LIQUIDO 1L 46,2 2351|7896017200693||UN|07|22072019||22||1,80||
|0200|2119|GRELHADITOS SEM PELE 60G|7896336000578||UN|00|20081100||20||0,00|1703300|
|0200|2|GASOLINA ADITIVADA|||L|00|27101259||27||12,00|0600201|
|0206|320102002|
|0200|187|BATON BASTON 16 G|78912359||UN|00|18063210||18||0,00|1700300|
|0200|3941|TORTINHAS CHOCOLATE AVELA 160G|7896022056476||PC|00|19053100||19||0,00|1705300|
|0220|PC|1,000000|
|0200|853|CIG. MARLBORO BLUE ICE MACO|||PCT|00|24022000||24||0,00|0400100|
|0220|PCT|10,000000|
|0200|SACOLA EMBRASTE M 38X48 CAIXA C/ 1000|SACOLA EMBRASTE M 38X48 CAIXA C/ 1000|||CX|07|39232190||39||17,00||
|0200|188|BATON BASTON DUO 16 G|7891008533729||UN|00|18063210||18||0,00|1700300|
|0200|3086|SALG BILUZITOS BACON 210G|7896222210111||UN|00|19049000||19||0,00|1703000|
|0200|2114|BAUDUCCO 140G MORANGO|7891962037004||UN|00|19053200||19||0,00|1705700|
|0200|3080|SALG LUNA PALITO POLV DOCE 150|7898008710174||UN|00|19059090||19||17,00|1706200|
|0200|658|GILLETTE PRESTOBARBA 3|7702018920235||UN|00|82121020||82||0,00|2006400|
|0200|653|GATORADE UVA 500ML|02800001580543||UN|00|22029900||22||0,00||
|0200|1999|BOLINHO BAUDUCCO CHOCOLATE 40G|7891962000725||UN|00|19052090||19||0,00||
|0200|751|KEEP COOLER MORANGO CLASSIC|||UN|00|22060090||22||0,00|0200700|
|0200|750|KEEP COOLER CLASSIC UVA|||UN|00|22060090||22||0,00|0200700|
|0200|5073|BACONZITOS 103G|7892840255449||UN|00|19059090||19||17,00|1703100|
|0200|3604|GUARANA SCHIN LATA|07896052600786||UN|00|22021000||22||0,00|0301100|
|0200|6859|BOLACHA TORTINHAS MARILAN BOMBOM 160GR|7896003702217||UN|00|19053100||19||0,00|1705302|
|0200|759|KINDER OVO|7898024396390||UN|00|18069000||18||0,00|1700400|
|0200|651|GATORADE MORANGO/MARACUJA500M|02800001580413||UN|00|22029900||22||0,00|0301500|
|0200|SACO DE LIXO BOMPACK 100L|SACO DE LIXO BOMPACK 100L|||FD|07|39232190||39||0,00||
|0200|3085|SALG BILUZITOS 210G PIZZA|7896222210128||UN|00|19049000||19||0,00|1703000|
|0200|7641|FLUIDO P/ RADIADORES VDP COOLANT 1L|||UN|00|38200000||38||0,00|2806300|
|0200|3076|AGUA DA SERRA FRAMBOESA 250ML|7896272200810||UN|00|22021000||22||0,00|0301100|
|0200|228|BISCOITO TUCS PIZZA 100G|7896061301865||UN|00|19053100||19||0,00|1705300|
|0200|3171|PAPEL HIGIENICO SIRIUS|7896180106662||UN|00|48181000||48||0,00|2004200|
|0200|3079|SALG LUNA CROC BACON 70G|||CX|00|16029000||16||17,00|1707900|
|0220|CX|16,000000|
|0200|5100|SALG RUFFLES ORIGINAL 96G|7892840253547||UN|00|20052000||20||17,00|1703200|
|0200|5101|DORITOS QUEIJO NACHO 96G|7892840253349||UN|00|19059090||19||17,00|1703100|
|0200|5107|CERV. DEVASSA TROPICAL LAGER 473ML|7898904771729||UN|00|22030000||22||25,00|0302100|
|0200|7589|MINI CHURROS UNIDADE|||PCT|00|19022000||19||0,00|1704802|
|0220|PCT|50,000000|
|0200|1025|PALITOS GINA 100UNIDADES|7896051020127||CX|00|44219900||44||17,00|2805700|
|0220|CX|25,000000|
|0200|MOLHO DE PIMENTA SACHE|MOLHO DE PIMENTA SACHE|7896054906053||CX|07|21039021||21||17,00||
|0200|4571|CERV. EISENBAHN PILSEN 600ML|7898367983615||UN|00|22030000||22||25,00|0302100|
|0200|6407|SUPORTE MAGNETICO VEICULAR|7898959434112||UN|00|39269090||39||0,00|1002000|
|0200|1188|SALG.PIC PREMIUM CEB/SALSA 50G|||CX|00|19049000||19||0,00|1703000|
|0220|CX|20,000000|
|0200|7068|AERON BLACK CRYSTAL|3800034962742||UN|00|33074900||33||0,00|2805500|
|0200|5420|CLUB SOCIAL INTEGRAL TRADICIONAL NOVO PESO 144G|17622300992382||UN|00|19059020||19||0,00|1705602|
|0200|1259|SPRITE MINI 250ML|17894900061960||CX|00|22021000||22||17,00|0301100|
|0220|CX|12,000000|
|0200|2024|MINI SCHIN GUARANA 250ML|7896052601097||UN|00|22021000||22||17,00|0301100|
|0200|SABON MARAN SVE PESS 90G|SABON MARAN SVE PESS 90G|07896394803876||UN|07|34012010||34||0,00||
|0200|2027|CHOC LACTA SHOT AMENDOIM 155G|17622300851962||UN|00|18063210||18||0,00|1700300|
|0200|722|KIRIN ICHIBAN 355 ML|7896052605651||UN|00|22030000||22||25,00|0302100|
|0200|723|ISQUEIRO BIC MAX|00070330631212||UN|00|96131000||96||17,00||
|0200|2352|TORRADA BAUD 160 GR INTEGRAL|7891962000268||UN|00|19054000||19||0,00|1705900|
|0200|5498|SUCO TANG SABOR MARACUJA 25G|17622300861282||UN|00|21069010||21||17,00|0301200|
|0200|2238|LARANJINHA AGUA SERRA 1 LITRO|7896272200384||UN|00|22021000||22||0,00|0301000|
|0200|6690|NESCAU ACTIGEN BEBIDA LACTEA 1 L|7891000081518||UN|00|22029900||22||0,00|1711500|
|0200|2028|PRESERVATIVO PRUDENCE C/3 TRADICIONAL|7898079003021||UN|00|40141000||40||0,00|1301300|
|0200|6694|KINDER OVO STARWARS|7898024397175||UN|00|18069000||18||0,00|1700400|
|0200|2587|DOCE DE BANANA 200G|||UN|00|20079990||20||0,00|1709400|
|0200|COPO BOMPACK ABNT PREMIUM 050ML C/100 (BPT-050 TR PS) CEST:1|COPO BOMPACK ABNT PREMIUM 050ML C/100 (BPT-050 TR PS) CEST:1|||UN|07|39241000||39||0,00||
|0200|7287|FREE PRATA BOX POLI|78934610||UN|00|24022000||24||17,00|0400100|
|0200|6383|PAES DU PORTAL PAO  DE LEITE 450G|||UN|00|19059010||19||0,00|1706000|
|0200|7285|FREE BOX VERMELHO POLI|7891028003165||UN|00|24022000||24||25,00|0400100|
|0200|6811|PETRONAS SPRINTA 4T|7891414197553||UN|00|27101932||27||17,00|0600700|
|0200|1201|SCHWEPPES TONICA 350ML|7894900300048||UN|00|22021000||22||17,00|0301100|
|0200|1200|SCHWEPPES CITRUS 350ML|7894900320046||UN|00|22021000||22||17,00|0301100|
|0200|6949|LACTA OREO EDICAO LIMITADA 222,8G|7622210707000||UN|00|18069000||18||0,00|1700400|
|0200|6742|OLEO SYNTEX 5W30|7898285634156||UN|00|34039900||34||17,00|0601700|
|0200|7583|PNEU 235 60X17 RD - LE RM|||UN|00|40121100||40||17,00|1600600|
|0200|1890|PALHETA AUTOIMPACT 20"|||UN|00|85124010||85||0,00|0105500|
|0200|5628|CHOCOLATE LAKA 90G|7622300991425||UN|00|17049010||17||0,00|1700100|
|0200|1217|SEDA SMOKING KING SIZE MASTER|||UN|00|48131000||48||17,00||
|0200|4922|PILHA AA PALITO FIAT LUX C/2|7896007903375||CX|00|85061010||85||17,00|2806300|
|0220|CX|12,000000|
|0200|4921|PILHA AA FIAT LUX C/2|||UN|00|85061010||85||17,00|2806300|
|0200|3108|SALG LUNA ROSQUINHA POLV 90G|7898008710181||UN|00|19059090||19||17,00|1706200|
|0200|3109|SALG LUNA ROSQUINHA POLV QJO 9|7898008710525||UN|00|19059090||19||17,00|1706200|
|0200|473|CUP NOODLES GALINHA CAIPIRA|27891079008038||UN|00|19023000||19||0,00|1704700|
|0200|951|MMS MINI CHOCOLATE TUBO|7896423419283||UN|00|18069000||18||0,00|1700900|
|0200|5194|FANDANGOS QUEIJO 164G|7892840256043||UN|00|19041000||19||17,00|1703000|
|0200|5197|LAKA OERO 20G|7622210641946||UN|00|18063220||18||0,00|1700300|
|0200|1660|CHOC BATON CREME LEITE 16G|7891008239553||UN|00|18063110||18||0,00||
|0200|42|AGUA CRYSTAL C/GAS 500ML|7894900921571||UN|00|22011000||22||0,00|0300600|
|0200|5193|SALG. DORITOS QUEIJO NACHO 55G|7892840253745||UN|00|19059090||19||17,00|1703100|
|0200|3103|SALG BILU PIC PREMIUM CHUR 50G|7896222211903||UN|00|19049000||19||0,00|1703000|
|0200|3973|MENTOS 3 PURE FRUIT MELANCIA|7895144856506||UN|00|21069050||21||17,00|0301300|
|0200|QUALIMAX BIAN S/ACUC 510g|QUALIMAX BIAN S/ACUC 510g|||PC|00|21069029||21||0,00||
|0200|6082|CERV. EISENBAHN PILSEN 350 ML LATA|7898367983790||UN|00|22030000||22||25,00|0302100|
|0200|5289|CHOC. BIS XTRA 45G|7622300988487||UN|00|19053200||19||0,00|1705800|
|0200|4044|PNEU 185 60X14 EXCELL REF|||UN|00|40121100||40||17,00|1600600|
|0200|ONLINE OI|ONLINE OI|||UN|07|84869000||84||0,00||
|0200|1398|TRIDENT INTENSE|7895800412787||UN|00|21069050||21||17,00|0301300|
|0200|SACO DE LIUXO BOMBACK 15LT|SACO DE LIUXO BOMBACK 15LT|||UN|07|39232190||39||0,00||
|0200|78|AREON BUBBLE GUM|3800034962667||UN|00|33074900||33||0,00|2805500|
|0200|5099|SALG. CHEETOS ONDA REQUEIJAO 150G|7892840252748||UN|00|19041000||19||17,00|1703000|
|0200|BOBINA PDV 79X40 BOMPACK TERMOSCRIPT 1 VIA 55GR C/30|BOBINA PDV 79X40 BOMPACK TERMOSCRIPT 1 VIA 55GR C/30|||CX|07|49111010||49||17,00||
|0200|7094|PITSTOP RECH. MISTO QUENTE 105GR|7896003703207||PC|00|19053100||19||0,00|1705300|
|0220|PC|1,000000|
|0200|5253|ESCOVA MEDIA DENTIL|17899793400308||UN|00|96032100||96||0,00|2005800|
|0200|7237|M&M'S CHOCOLATE 200G|7896423420791||UN|00|18069000||18||0,00|1700900|
|0200|75|AREON APPLE CINNAMON|3800034955508||UN|00|33074900||33||0,00|2805500|
|0200|3385|FOOD SACHE CAT UP DAJUDA|7896054905384||CX|07|21032010||21||17,00|1703400|
|0220|CX|1,000000|
|0200|71|CERV. ANTARTICA SUB ZERO LATA 350 ML|7891991010030||UN|00|22030000||22||25,00||
|0200|5047|SALG. CHEETOS LUA PARMESAO 51G|7892840252847||UN|00|19041000||19||17,00|1703000|
|0200|4 CAT CHUP *D AJUDA SACHE 192X7GR|4 CAT CHUP *D AJUDA SACHE 192X7GR|7896054903342||CX|07|21032010||21||17,00||
|0200|5045|SALG FANDANGOS PRESUNTO 59G|7892840253141||UN|00|19041000||19||17,00|1703000|
|0200|5043|DORITOS 167G|7892840253448||UN|00|19059090||19||17,00|1703100|
|0200|7238|M&M'S AMENDOIM 200G|7896423421521||UN|00|18069000||18||0,00|1700900|
|0200|4|OLEO DIESEL B S500|||L|00|27101921||27||12,00|0600601|
|0206|820101012|
|0200|2239|REFRI PEPSI COLA 2L|7892840800246||UN|00|22021000||22||17,00|0301000|
|0200|869|MATE LEAO POWER ACAI|7891098037015||UN|00|22021000||22||0,00|1711100|
|0200|DESINFETANTE WAVE LAVANDA 05L|DESINFETANTE WAVE LAVANDA 05L|7898953804362||BB|07|38089419||38||1,80||
|0200|3071|CAFE CABOCLO VACUO 500G|7896089010916||UN|07|09012100||09||0,00|2002700|
|0200|2231|CERV. HEINEKEN PILSEN LT 350ML|7896045501038||UN|00|22030000||22||0,00|0302100|
|0200|732|ITUBAINA 2 LITROS|7896052600236||UN|00|22021000||22||17,00|0301000|
|0200|4043|PNEU 165 70X13 MICH. REF.|123456789001||UN|00|40121100||40||17,00|1600600|
|0200|7580|PNEU 185 60X15 RD -P1|||UN|00|40121100||40||17,00|1600600|
|0200|7581|PNEU 195 55X16 RDP - 1|||UN|00|40121100||40||17,00|1600600|
|0200|7582|PNEU 205 55X16 RD6 RM|||UN|00|40121100||40||17,00|1600600|
|0200|680|H2O LIMONETO|07892840812850||UN|00|22021000||22||0,00||
|0200|5313|LOVITA AMENDOIM 45G|7899767232464||UN|00|21050010||21||0,00|2300100|
|0200|470|CUP NOODLES CARNE|27891079008014||UN|00|19023000||19||0,00|1704700|
|0200|471|CUP NOODLES COSTELA CHUR|17891079012045||UN|00|19023000||19||0,00|1704700|
|0200|7461|SCHIN COLA 350ML|7896052600045||UN|00|22021000||22||17,00|0301100|
|0200|5311|LOVITA CARAMELO 45G|7899767232471||UN|00|21050010||21||0,00|2300100|
|0400|1102|COMPRA PARA COMERCIALIZACAO|
|0400|2949|OUTRA ENTRADA DE MERCADORIA OU PRESTACAO DE SERVICO NAO ESPECIFICADO|
|0400|2102|COMPRA PARA COMERCIALIZACAO|
|0400|1652|COMPRA DE COMBUSTIVEL OU LUBRIFICANTE PARA COMERCIALIZACAO|
|0400|2652|COMPRA DE COMBUSTIVEL OU LUBRIFICANTE PARA COMERCIALIZACAO|
|0400|1556|COMPRA DE MATERIAL PARA USO OU CONSUMO|
|0400|1910|ENTRADA DE BONIFICACAO, DOACAO OU BRINDE|
|0450|1|NOTA FISCAL ASSOCIADA A CUPOM FISCAL|
|0450|2|IMPOSTO RETIDO POR SUBSTITUICAO TRIBUTARIA - ANEXO 3 DO RICMS-SC/01|
|0450|3|NOTA FISCAL COM INFORMACAO COMPLEMENTAR|
|0990|819|
|C001|0|
|C100|1|0||55|05|001|14527||||||||||||||||||||||
|C100|1|0||55|05|001|14530||||||||||||||||||||||
|C100|1|0||55|05|001|14653||||||||||||||||||||||
|C100|1|0||55|05|001|14711||||||||||||||||||||||
|C100|1|0||55|05|001|14712||||||||||||||||||||||
|C100|1|0||55|05|001|14732||||||||||||||||||||||
|C100|0|1|24608414000166|01|00|001|1001||16062017|17062017|304,00|2|0,00|0,00|304,00|9|0,00|0,00|0,00|0,00|0,00|0,00|0,00|0,00|||||
|C170|1|2129|SALGADOS DIVERSOS|160,00000|UN|304,00|0,00|0|060|1102|1102|0,00|0,00|0,00|0,00|0,00|0,00|0|||0,00|0,00|0,00||||||||||||||
|C190|060|1102|0,00|304,00|0,00|0,00|0,00|0,00|0,00|0,00||
|C100|0|1|24608414000166|01|00|001|1003||17062017|18062017|370,00|2|0,00|0,00|370,00|9|0,00|0,00|0,00|0,00|0,00|0,00|0,00|0,00|||||
|C170|1|2129|SALGADOS DIVERSOS|160,00000|UN|304,00|0,00|0|060|1102|1102|0,00|0,00|0,00|0,00|0,00|0,00|0|||0,00|0,00|0,00||||||||||||||
|C170|2|1930|SANDUICHE BAGUETE|6,00000|UN|21,00|0,00|0|060|1102|1102|0,00|0,00|0,00|0,00|0,00|0,00|0|||0,00|0,00|0,00||||||||||||||
|C170|3|5761|DOCE BRIGADEIRO / BEIJINHO UN|30,00000|UN|45,00|0,00|0|060|1102|1102|0,00|0,00|0,00|0,00|0,00|0,00|0|||0,00|0,00|0,00||||||||||||||
|C190|060|1102|0,00|370,00|0,00|0,00|0,00|0,00|0,00|0,00||
|C100|0|1|07146547000149|55|00|001|10039|42170607146547000149550010000100391000135706|24062017|24062017|160,28|2|0,00|0,00|154,00|0|10,00|0,00|0,00|0,00|0,00|190,97|6,28|0,00|||||
|C110|3|MD-5: 98b0708683e4131672338bd1d8ee0b3c;Documento emitido por ME ou EPP Optante pelo Simples Nacional.   Nao gera credito de ISS e IPI+ ICMS.|
|C110|2|VAL. ICMS ST RETIDO ANT.: 6.28|
|C170|1|5256|EMPADAO FATIA|1,00000|UN|49,20|0,00|0|010|1102|1102|0,00|0,00|0,00|65,25|0,00|2,14|0|||0,00|0,00|0,00||||||||||||||
|C170|2|5260|TORTA MARTA ROCHA FATIA|1,00000|UN|50,40|0,00|0|010|1102|1102|0,00|0,00|0,00|66,84|0,00|2,20|0|||0,00|0,00|0,00||||||||||||||
|C170|3|5258|TORTA DOCE SABORES FATIA|1,00000|UN|44,40|0,00|0|010|1102|1102|0,00|0,00|0,00|58,88|0,00|1,94|0|||0,00|0,00|0,00||||||||||||||
|C190|010|1102|0,00|160,28|0,00|0,00|190,97|6,28|0,00|0,00||
|C100|0|1|24608414000166|01|00|001|1004||18062017|19062017|304,00|2|0,00|0,00|304,00|9|0,00|0,00|0,00|0,00|0,00|0,00|0,00|0,00|||||
|C170|1|2129|SALGADOS DIVERSOS|160,00000|UN|304,00|0,00|0|060|1102|1102|0,00|0,00|0,00|0,00|0,00|0,00|0|||0,00|0,00|0,00||||||||||||||
|C190|060|1102|0,00|304,00|0,00|0,00|0,00|0,00|0,00|0,00||
|C100|0|1|07146547000149|55|00|001|10057|42170607146547000149550010000100571000135887|26062017|26062017|176,51|2|0,00|0,00|169,60|0|10,00|0,00|0,00|0,00|0,00|210,30|6,91|0,00|||||
|C110|3|MD-5: 98b0708683e4131672338bd1d8ee0b3c;Documento emitido por ME ou EPP Optante pelo Simples Nacional.   Nao gera credito de ISS e IPI+ ICMS.|
|C110|2|VAL. ICMS ST RETIDO ANT.: 6.91|
|C170|1|5258|TORTA DOCE SABORES FATIA|1,00000|UN|44,40|0,00|0|010|1102|1102|0,00|0,00|0,00|58,50|0,00|1,92|0|||0,00|0,00|0,00||||||||||||||
|C170|2|5262|TORTA RAFAELLO FATIA|1,00000|CX|56,40|0,00|0|010|1102|1102|0,00|0,00|0,00|74,31|0,00|2,44|0|||0,00|0,00|0,00||||||||||||||
|C170|3|5383|TORTA DANONE|1,00000|UN|58,80|0,00|0|010|1102|1102|0,00|0,00|0,00|77,49|0,00|2,55|0|||0,00|0,00|0,00||||||||||||||
|C190|010|1102|0,00|176,51|0,00|0,00|210,30|6,91|0,00|0,00||
|C100|0|1|24608414000166|01|00|001|1006||19062017|19062017|304,00|2|0,00|0,00|304,00|9|0,00|0,00|0,00|0,00|0,00|0,00|0,00|0,00|||||
|C170|1|2129|SALGADOS DIVERSOS|160,00000|UN|304,00|0,00|0|060|1102|1102|0,00|0,00|0,00|0,00|0,00|0,00|0|||0,00|0,00|0,00||||||||||||||
|C190|060|1102|0,00|304,00|0,00|0,00|0,00|0,00|0,00|0,00||
|C100|0|1|24608414000166|01|00|001|1011||20062017|20062017|370,00|2|0,00|0,00|370,00|9|0,00|0,00|0,00|0,00|0,00|0,00|0,00|0,00|||||
|C170|1|2129|SALGADOS DIVERSOS|160,00000|UN|304,00|0,00|0|060|1102|1102|0,00|0,00|0,00|0,00|0,00|0,00|0|||0,00|0,00|0,00||||||||||||||
|C170|2|1930|SANDUICHE BAGUETE|6,00000|UN|21,00|0,00|0|060|1102|1102|0,00|0,00|0,00|0,00|0,00|0,00|0|||0,00|0,00|0,00||||||||||||||
|C170|3|5761|DOCE BRIGADEIRO / BEIJINHO UN|20,00000|UN|30,00|0,00|0|060|1102|1102|0,00|0,00|0,00|0,00|0,00|0,00|0|||0,00|0,00|0,00||||||||||||||
|C170|4|2129|SALGADOS DIVERSOS|10,00000|UN|15,00|0,00|0|060|1102|1102|0,00|0,00|0,00|0,00|0,00|0,00|0|||0,00|0,00|0,00||||||||||||||
|C190|060|1102|0,00|370,00|0,00|0,00|0,00|0,00|0,00|0,00||
|C100|0|1|07146547000149|55|00|001|10110|42170607146547000149550010000101101000136513|30062017|30062017|165,29|2|0,00|0,00|158,80|9|10,00|0,00|0,00|148,80|25,29|196,91|6,49|0,00|||||
|C110|2|VAL. ICMS ST RETIDO ANT.: 6.49|
|C170|1|5263|TORTA BRIGADEIRO FATIA|1,00000|UN|55,20|0,00|0|010|1102|1102|55,20|17,00|9,38|73,05|0,00|2,41|0|||0,00|0,00|0,00||||||||||||||
|C170|2|5261|TORTA BISCUIT LIMAO FATIA|1,00000|UN|44,40|0,00|0|010|1102|1102|44,40|17,00|7,55|58,76|0,00|1,94|0|||0,00|0,00|0,00||||||||||||||
|C170|3|5256|EMPADAO FATIA|1,00000|UN|49,20|0,00|0|010|1102|1102|49,20|17,00|8,36|65,11|0,00|2,15|0|||0,00|0,00|0,00||||||||||||||
|C190|010|1102|17,00|165,29|148,80|25,29|196,91|6,49|0,00|0,00||
|C100|0|1|24608414000166|01|00|001|1013||21062017|21062017|304,00|2|0,00|0,00|304,00|9|0,00|0,00|0,00|0,00|0,00|0,00|0,00|0,00|||||
|C170|1|2129|SALGADOS DIVERSOS|160,00000|UN|304,00|0,00|0|060|1102|1102|0,00|0,00|0,00|0,00|0,00|0,00|0|||0,00|0,00|0,00||||||||||||||
|C190|060|1102|0,00|304,00|0,00|0,00|0,00|0,00|0,00|0,00||
|C100|0|1|24608414000166|01|00|001|1017||22062017|22062017|304,00|2|0,00|0,00|304,00|9|0,00|0,00|0,00|0,00|0,00|0,00|0,00|0,00|||||
|C170|1|2129|SALGADOS DIVERSOS|160,00000|UN|304,00|0,00|0|060|1102|1102|0,00|0,00|0,00|0,00|0,00|0,00|0|||0,00|0,00|0,00||||||||||||||
|C190|060|1102|0,00|304,00|0,00|0,00|0,00|0,00|0,00|0,00||
|C100|0|1|24608414000166|01|00|001|1019||23062017|23062017|304,00|2|0,00|0,00|304,00|9|0,00|0,00|0,00|0,00|0,00|0,00|0,00|0,00|||||
|C170|1|2129|SALGADOS DIVERSOS|100,00000|UN|304,00|0,00|0|060|1102|1102|0,00|0,00|0,00|0,00|0,00|0,00|0|||0,00|0,00|0,00||||||||||||||
|C190|060|1102|0,00|304,00|0,00|0,00|0,00|0,00|0,00|0,00||
|C100|0|1|24608414000166|01|00|001|1021||24062017|26062017|304,00|2|0,00|0,00|304,00|9|0,00|0,00|0,00|0,00|0,00|0,00|0,00|0,00|||||
|C170|1|2129|SALGADOS DIVERSOS|160,00000|UN|304,00|0,00|0|060|1102|1102|0,00|0,00|0,00|0,00|0,00|0,00|0|||0,00|0,00|0,00||||||||||||||
|C190|060|1102|0,00|304,00|0,00|0,00|0,00|0,00|0,00|0,00||
|C100|0|1|24608414000166|01|00|001|1023||25062017|26062017|304,00|2|0,00|0,00|304,00|9|0,00|0,00|0,00|0,00|0,00|0,00|0,00|0,00|||||
|C170|1|2129|SALGADOS DIVERSOS|160,00000|UN|304,00|0,00|0|060|1102|1102|0,00|0,00|0,00|0,00|0,00|0,00|0|||0,00|0,00|0,00||||||||||||||
|C190|060|1102|0,00|304,00|0,00|0,00|0,00|0,00|0,00|0,00||
|C100|0|1|24608414000166|01|00|001|1052||26062017|26062017|356,50|2|0,00|0,00|356,50|9|0,00|0,00|0,00|0,00|0,00|0,00|0,00|0,00|||||
|C170|1|2129|SALGADOS DIVERSOS|160,00000|UN|304,00|0,00|0|060|1102|1102|0,00|0,00|0,00|0,00|0,00|0,00|0|||0,00|0,00|0,00||||||||||||||
|C170|2|1930|SANDUICHE BAGUETE|6,00000|UN|21,00|0,00|0|060|1102|1102|0,00|0,00|0,00|0,00|0,00|0,00|0|||0,00|0,00|0,00||||||||||||||
|C170|3|5761|DOCE BRIGADEIRO / BEIJINHO UN|12,00000|UN|18,00|0,00|0|060|1102|1102|0,00|0,00|0,00|0,00|0,00|0,00|0|||0,00|0,00|0,00||||||||||||||
|C170|4|2129|SALGADOS DIVERSOS|9,00000|UN|13,50|0,00|0|060|1102|1102|0,00|0,00|0,00|0,00|0,00|0,00|0|||0,00|0,00|0,00||||||||||||||
|C190|060|1102|0,00|356,50|0,00|0,00|0,00|0,00|0,00|0,00||
|C100|0|1|24608414000166|01|00|001|1054||27062017|28062017|304,00|2|0,00|0,00|304,00|9|0,00|0,00|0,00|0,00|0,00|0,00|0,00|0,00|||||
|C170|1|2129|SALGADOS DIVERSOS|160,00000|UN|304,00|0,00|0|060|1102|1102|0,00|0,00|0,00|0,00|0,00|0,00|0|||0,00|0,00|0,00||||||||||||||
|C190|060|1102|0,00|304,00|0,00|0,00|0,00|0,00|0,00|0,00||
|C100|0|1|24608414000166|01|00|001|1056||28062017|28062017|369,50|2|0,00|0,00|369,50|9|0,00|0,00|0,00|0,00|0,00|0,00|0,00|0,00|||||
|C170|1|2129|SALGADOS DIVERSOS|160,00000|UN|304,00|0,00|0|060|1102|1102|0,00|0,00|0,00|0,00|0,00|0,00|0|||0,00|0,00|0,00||||||||||||||
|C170|2|1930|SANDUICHE BAGUETE|8,00000|UN|28,00|0,00|0|060|1102|1102|0,00|0,00|0,00|0,00|0,00|0,00|0|||0,00|0,00|0,00||||||||||||||
|C170|3|5761|DOCE BRIGADEIRO / BEIJINHO UN|25,00000|UN|37,50|0,00|0|060|1102|1102|0,00|0,00|0,00|0,00|0,00|0,00|0|||0,00|0,00|0,00||||||||||||||
|C190|060|1102|0,00|369,50|0,00|0,00|0,00|0,00|0,00|0,00||
|C100|0|1|24608414000166|01|00|001|1059||29062017|29062017|304,00|2|0,00|0,00|304,00|9|0,00|0,00|0,00|0,00|0,00|0,00|0,00|0,00|||||
|C170|1|2129|SALGADOS DIVERSOS|160,00000|UN|304,00|0,00|0|060|1102|1102|0,00|0,00|0,00|0,00|0,00|0,00|0|||0,00|0,00|0,00||||||||||||||
|C190|060|1102|0,00|304,00|0,00|0,00|0,00|0,00|0,00|0,00||
|C100|0|1|24608414000166|01|00|001|1061||30062017|30062017|304,00|2|0,00|0,00|304,00|9|0,00|0,00|0,00|0,00|0,00|0,00|0,00|0,00|||||
|C170|1|2129|SALGADOS DIVERSOS|160,00000|UN|304,00|0,00|0|060|1102|1102|0,00|0,00|0,00|0,00|0,00|0,00|0|||0,00|0,00|0,00||||||||||||||
|C190|060|1102|0,00|304,00|0,00|0,00|0,00|0,00|0,00|0,00||
|C100|0|1|20119891000107|55|08|890|1096983|42170682951310000156558900010969831338618072|07062017|07062017|488,00|2|0,00|0,00|488,00|9|0,00|0,00|0,00|0,00|0,00|0,00|0,00|0,00|||||
|C170|1|1192|SALGADOS 5.50|30,00000|UN|60,00|0,00|0|060|1102|1102|0,00|0,00|0,00|0,00|0,00|0,00|0|||0,00|0,00|0,00||||||||||||||
|C170|2|1192|SALGADOS 5.50|20,00000|UN|40,00|0,00|0|060|1102|1102|0,00|0,00|0,00|0,00|0,00|0,00|0|||0,00|0,00|0,00||||||||||||||
|C170|3|1192|SALGADOS 5.50|20,00000|UN|40,00|0,00|0|060|1102|1102|0,00|0,00|0,00|0,00|0,00|0,00|0|||0,00|0,00|0,00||||||||||||||
|C170|4|1192|SALGADOS 5.50|20,00000|UN|40,00|0,00|0|060|1102|1102|0,00|0,00|0,00|0,00|0,00|0,00|0|||0,00|0,00|0,00||||||||||||||
|C170|5|1192|SALGADOS 5.50|50,00000|UN|100,00|0,00|0|060|1102|1102|0,00|0,00|0,00|0,00|0,00|0,00|0|||0,00|0,00|0,00||||||||||||||
|C170|6|1192|SALGADOS 5.50|20,00000|UN|40,00|0,00|0|060|1102|1102|0,00|0,00|0,00|0,00|0,00|0,00|0|||0,00|0,00|0,00||||||||||||||
|C170|7|1192|SALGADOS 5.50|60,00000|UN|168,00|0,00|0|060|1102|1102|0,00|0,00|0,00|0,00|0,00|0,00|0|||0,00|0,00|0,00||||||||||||||
|C190|060|1102|0,00|488,00|0,00|0,00|0,00|0,00|0,00|0,00||
|C100|0|1|20119891000107|55|08|890|1105545|42170682951310000156558900011055451338618075|14062017|14062017|650,00|2|0,00|0,00|650,00|9|0,00|0,00|0,00|650,00|0,00|0,00|0,00|0,00|||||
|C170|1|1192|SALGADOS 5.50|50,00000|UN|110,00|0,00|0|000|1102|1102|110,00|0,00|0,00|0,00|0,00|0,00|0|||0,00|0,00|0,00||||||||||||||
|C170|2|1192|SALGADOS 5.50|20,00000|UN|40,00|0,00|0|000|1102|1102|40,00|0,00|0,00|0,00|0,00|0,00|0|||0,00|0,00|0,00||||||||||||||
|C170|3|1192|SALGADOS 5.50|20,00000|UN|40,00|0,00|0|000|1102|1102|40,00|0,00|0,00|0,00|0,00|0,00|0|||0,00|0,00|0,00||||||||||||||
|C170|4|1192|SALGADOS 5.50|20,00000|UN|40,00|0,00|0|000|1102|1102|40,00|0,00|0,00|0,00|0,00|0,00|0|||0,00|0,00|0,00||||||||||||||
|C170|5|1192|SALGADOS 5.50|50,00000|UN|100,00|0,00|0|000|1102|1102|100,00|0,00|0,00|0,00|0,00|0,00|0|||0,00|0,00|0,00||||||||||||||
|C170|6|1192|SALGADOS 5.50|20,00000|UN|40,00|0,00|0|000|1102|1102|40,00|0,00|0,00|0,00|0,00|0,00|0|||0,00|0,00|0,00||||||||||||||
|C170|7|1192|SALGADOS 5.50|50,00000|UN|140,00|0,00|0|000|1102|1102|140,00|0,00|0,00|0,00|0,00|0,00|0|||0,00|0,00|0,00||||||||||||||
|C170|8|1192|SALGADOS 5.50|50,00000|UN|140,00|0,00|0|000|1102|1102|140,00|0,00|0,00|0,00|0,00|0,00|0|||0,00|0,00|0,00||||||||||||||
|C190|000|1102|0,00|650,00|650,00|0,00|0,00|0,00|0,00|0,00||
|C100|0|1|27655391000139|55|00|001|111|42170627655391000139550010000001111715453141|23062017|23062017|93,60|2|0,00|0,00|93,60|0|0,00|0,00|0,00|93,60|0,00|0,00|0,00|0,00|||||
|C110|3|Empresa enquadrada no Simples Nacional cfme lei compl. nr 123/2006. Nao gera direiro a credito do ICMS e IPI|
|C170|1|6567|AGUA SERRA DA GRACIOSA SEM GAS  1,5ML|10,00000|PCT|93,60|0,00|0|000|1102|1102|93,60|0,00|0,00|0,00|0,00|0,00|0|||0,00|0,00|0,00||||||||||||||
|C190|000|1102|0,00|93,60|93,60|0,00|0,00|0,00|0,00|0,00||
|C100|0|1|20119891000107|55|08|890|1113154|42170682951310000156558900011131541338618077|21062017|21062017|650,00|2|0,00|0,00|650,00|9|0,00|0,00|0,00|650,00|0,00|0,00|0,00|0,00|||||
|C170|1|1192|SALGADOS 5.50|50,00000|UN|110,00|0,00|0|000|1102|1102|110,00|0,00|0,00|0,00|0,00|0,00|0|||0,00|0,00|0,00||||||||||||||
|C170|2|1192|SALGADOS 5.50|20,00000|UN|40,00|0,00|0|000|1102|1102|40,00|0,00|0,00|0,00|0,00|0,00|0|||0,00|0,00|0,00||||||||||||||
|C170|3|1192|SALGADOS 5.50|20,00000|UN|40,00|0,00|0|000|1102|1102|40,00|0,00|0,00|0,00|0,00|0,00|0|||0,00|0,00|0,00||||||||||||||
|C170|4|1192|SALGADOS 5.50|20,00000|UN|40,00|0,00|0|000|1102|1102|40,00|0,00|0,00|0,00|0,00|0,00|0|||0,00|0,00|0,00||||||||||||||
|C170|5|1192|SALGADOS 5.50|50,00000|UN|100,00|0,00|0|000|1102|1102|100,00|0,00|0,00|0,00|0,00|0,00|0|||0,00|0,00|0,00||||||||||||||
|C170|6|1192|SALGADOS 5.50|20,00000|UN|40,00|0,00|0|000|1102|1102|40,00|0,00|0,00|0,00|0,00|0,00|0|||0,00|0,00|0,00||||||||||||||
|C170|7|1192|SALGADOS 5.50|50,00000|UN|140,00|0,00|0|000|1102|1102|140,00|0,00|0,00|0,00|0,00|0,00|0|||0,00|0,00|0,00||||||||||||||
|C170|8|1192|SALGADOS 5.50|50,00000|UN|140,00|0,00|0|000|1102|1102|140,00|0,00|0,00|0,00|0,00|0,00|0|||0,00|0,00|0,00||||||||||||||
|C190|000|1102|0,00|650,00|650,00|0,00|0,00|0,00|0,00|0,00||
|C100|0|1|23314594004440|55|00|002|111665|42170623314594004440550020001116651195931100|01062017|01062017|29402,00|2|0,00|0,00|29402,00|1|0,00|0,00|0,00|0,00|0,00|0,00|0,00|0,00|||||
|C110|3|BOLETIM(NS) CONFORMIDADE : 1907/2017,   ICMS RETIDO POR SUBSTITUICAO TRIBUTARIA NOS TERMOS DO ART. 140 E 150 DO ANEXO 03 DO RICMS/SC.EXIBIR NA BOMBA OR|
|C170|1|1|GASOLINA COMUM|10000,00000|L|29402,00|0,00|0|060|1652|1652|0,00|0,00|0,00|0,00|0,00|0,00|0|||0,00|0,00|0,00||||||||||||||
|C190|060|1652|0,00|29402,00|0,00|0,00|0,00|0,00|0,00|0,00||
|C100|0|1|23314594004440|55|00|002|111668|42170623314594004440550020001116681893591462|01062017|01062017|23658,00|2|0,00|0,00|23658,00|1|0,00|0,00|0,00|0,00|0,00|0,00|0,00|0,00|||||
|C110|3|ICMS RETIDO POR SUBSTITUICAO TRIBUTARIA NOS TERMOS DO ART. 140 E 150 DO ANEXO 03 DO RICMS/SC.EXIBIR NA BOMBA ORIGEM DO PRODUTO ALESAT COMBUSTIVEIS S.A.|
|C170|1|4|OLEO DIESEL B S500|10000,00000|L|23658,00|0,00|0|060|1652|1652|0,00|0,00|0,00|0,00|0,00|0,00|0|||0,00|0,00|0,00||||||||||||||
|C190|060|1652|0,00|23658,00|0,00|0,00|0,00|0,00|0,00|0,00||
|C100|0|1|23314594004440|55|00|002|111704|42170623314594004440550020001117041403010210|02062017|02062017|29402,00|2|0,00|0,00|29402,00|9|0,00|0,00|0,00|0,00|0,00|0,00|0,00|0,00|||||
|C170|1|1|GASOLINA COMUM|10000,00000|L|29402,00|0,00|0|060|1652|1652|0,00|0,00|0,00|0,00|0,00|0,00|0|||0,00|0,00|0,00||||||||||||||
|C190|060|1652|0,00|29402,00|0,00|0,00|0,00|0,00|0,00|0,00||
|C100|0|1|23314594004440|55|00|002|111795|42170623314594004440550020001117951800207015|07062017|07062017|81434,50|2|0,00|0,00|81434,50|9|0,00|0,00|0,00|0,00|0,00|0,00|0,00|0,00|||||
|C170|1|4|OLEO DIESEL B S500|35000,00000|L|81434,50|0,00|0|060|1652|1652|0,00|0,00|0,00|0,00|0,00|0,00|0|||0,00|0,00|0,00||||||||||||||
|C190|060|1652|0,00|81434,50|0,00|0,00|0,00|0,00|0,00|0,00||
|C100|0|1|23314594004440|55|00|002|111821|42170623314594004440550020001118211978048822|07062017|07062017|53421,00|2|0,00|0,00|53421,00|9|0,00|0,00|0,00|0,00|0,00|0,00|0,00|0,00|||||
|C170|1|5|OLEO DIESEL S10|10000,00000|L|24640,00|0,00|0|060|1652|1652|0,00|0,00|0,00|0,00|0,00|0,00|0|||0,00|0,00|0,00||||||||||||||
|C170|2|1|GASOLINA COMUM|5000,00000|L|14390,50|0,00|0|060|1652|1652|0,00|0,00|0,00|0,00|0,00|0,00|0|||0,00|0,00|0,00||||||||||||||
|C170|3|1|GASOLINA COMUM|5000,00000|L|14390,50|0,00|0|060|1652|1652|0,00|0,00|0,00|0,00|0,00|0,00|0|||0,00|0,00|0,00||||||||||||||
|C190|060|1652|0,00|53421,00|0,00|0,00|0,00|0,00|0,00|0,00||
|C100|0|1|23314594004440|55|00|002|111946|42170623314594004440550020001119461308397643|13062017|13062017|14641,00|2|0,00|0,00|14641,00|1|0,00|0,00|0,00|0,00|0,00|0,00|0,00|0,00|||||
|C110|3|ICMS RETIDO POR SUBSTITUICAO TRIBUTARIA NOS TERMOS DO ART. 140 E 150 DO ANEXO 03 DO RICMS/SC.EXIBIR NA BOMBA ORIGEM DO PRODUTO ALESAT COMBUSTIVEIS S.A.|
|C170|1|2|GASOLINA ADITIVADA|5000,00000|L|14641,00|0,00|0|060|1652|1652|0,00|0,00|0,00|0,00|0,00|0,00|0|||0,00|0,00|0,00||||||||||||||
|C190|060|1652|0,00|14641,00|0,00|0,00|0,00|0,00|0,00|0,00||
|C100|0|1|23314594004440|55|00|002|111948|42170623314594004440550020001119481775855978|13062017|13062017|81434,50|2|0,00|0,00|81434,50|1|0,00|0,00|0,00|0,00|0,00|0,00|0,00|0,00|||||
|C110|3|ICMS RETIDO POR SUBSTITUICAO TRIBUTARIA NOS TERMOS DO ART. 140 E 150 DO ANEXO 03 DO RICMS/SC.EXIBIR NA BOMBA ORIGEM DO PRODUTO ALESAT COMBUSTIVEIS S.A.|
|C170|1|4|OLEO DIESEL B S500|35000,00000|L|81434,50|0,00|0|060|1652|1652|0,00|0,00|0,00|0,00|0,00|0,00|0|||0,00|0,00|0,00||||||||||||||
|C190|060|1652|0,00|81434,50|0,00|0,00|0,00|0,00|0,00|0,00||
|C100|0|1|23314594004440|55|00|002|112012|42170623314594004440550020001120121359293052|14062017|14062017|89956,00|2|0,00|0,00|89956,00|9|0,00|0,00|0,00|0,00|0,00|0,00|0,00|0,00|||||
|C170|1|4|OLEO DIESEL B S500|20000,00000|L|46534,00|0,00|0|060|1652|1652|0,00|0,00|0,00|0,00|0,00|0,00|0|||0,00|0,00|0,00||||||||||||||
|C170|2|1|GASOLINA COMUM|10000,00000|L|28781,00|0,00|0|060|1652|1652|0,00|0,00|0,00|0,00|0,00|0,00|0|||0,00|0,00|0,00||||||||||||||
|C170|3|2|GASOLINA ADITIVADA|5000,00000|L|14641,00|0,00|0|060|1652|1652|0,00|0,00|0,00|0,00|0,00|0,00|0|||0,00|0,00|0,00||||||||||||||
|C190|060|1652|0,00|89956,00|0,00|0,00|0,00|0,00|0,00|0,00||
|C100|0|1|23314594004440|55|00|002|112013|42170623314594004440550020001120131184634287|14062017|14062017|12320,00|2|0,00|0,00|12320,00|1|0,00|0,00|0,00|0,00|0,00|0,00|0,00|0,00|||||
|C110|3|BOLETIM(NS) CONFORMIDADE : 1882/2017,   ICMS RETIDO POR SUBSTITUICAO TRIBUTARIA NOS TERMOS DO ART. 140 E 150 DO ANEXO 03 DO RICMS/SC.EXIBIR NA BOMBA OR|
|C170|1|5|OLEO DIESEL S10|5000,00000|L|12320,00|0,00|0|060|1652|1652|0,00|0,00|0,00|0,00|0,00|0,00|0|||0,00|0,00|0,00||||||||||||||
|C190|060|1652|0,00|12320,00|0,00|0,00|0,00|0,00|0,00|0,00||
|C100|0|1|23314594004440|55|00|002|112083|42170623314594004440550020001120831460116219|16062017|16062017|100584,00|2|0,00|0,00|100584,00|1|0,00|0,00|0,00|0,00|0,00|0,00|0,00|0,00|||||
|C110|3|ICMS RETIDO POR SUBSTITUICAO TRIBUTARIA NOS TERMOS DO ART. 140 E 150 DO ANEXO 03 DO RICMS/SC.EXIBIR NA BOMBA ORIGEM DO PRODUTO ALESAT COMBUSTIVEIS S.A.|
|C170|1|1|GASOLINA COMUM|30000,00000|L|86043,00|0,00|0|060|1652|1652|0,00|0,00|0,00|0,00|0,00|0,00|0|||0,00|0,00|0,00||||||||||||||
|C170|2|2|GASOLINA ADITIVADA|5000,00000|L|14541,00|0,00|0|060|1652|1652|0,00|0,00|0,00|0,00|0,00|0,00|0|||0,00|0,00|0,00||||||||||||||
|C190|060|1652|0,00|100584,00|0,00|0,00|0,00|0,00|0,00|0,00||
|C100|0|1|23314594004440|55|00|002|112084|42170623314594004440550020001120841790944279|16062017|17062017|69371,00|2|0,00|0,00|69371,00|1|0,00|0,00|0,00|0,00|0,00|0,00|0,00|0,00|||||
|C110|3|BOLETIM(NS) CONFORMIDADE : 1882/2017,   ICMS RETIDO POR SUBSTITUICAO TRIBUTARIA NOS TERMOS DO ART. 140 E 150 DO ANEXO 03 DO RICMS/SC.EXIBIR NA BOMBA OR|
|C170|1|5|OLEO DIESEL S10|10000,00000|L|24039,00|0,00|0|060|1652|1652|0,00|0,00|0,00|0,00|0,00|0,00|0|||0,00|0,00|0,00||||||||||||||
|C170|2|4|OLEO DIESEL B S500|20000,00000|L|45332,00|0,00|0|060|1652|1652|0,00|0,00|0,00|0,00|0,00|0,00|0|||0,00|0,00|0,00||||||||||||||
|C190|060|1652|0,00|69371,00|0,00|0,00|0,00|0,00|0,00|0,00||
|C100|0|1|23314594004440|55|00|002|112235|42170623314594004440550020001122351964146581|23062017|23062017|99230,50|2|0,00|0,00|99230,50|1|0,00|0,00|0,00|0,00|0,00|0,00|0,00|0,00|||||
|C110|3|ICMS RETIDO POR SUBSTITUICAO TRIBUTARIA NOS TERMOS DO ART. 140 E 150 DO ANEXO 03 DO RICMS/SC.EXIBIR NA BOMBA ORIGEM DO PRODUTO ALESAT COMBUSTIVEIS S.A.|
|C170|1|1|GASOLINA COMUM|30000,00000|L|84840,00|0,00|0|060|1652|1652|0,00|0,00|0,00|0,00|0,00|0,00|0|||0,00|0,00|0,00||||||||||||||
|C170|2|2|GASOLINA ADITIVADA|5000,00000|L|14390,50|0,00|0|060|1652|1652|0,00|0,00|0,00|0,00|0,00|0,00|0|||0,00|0,00|0,00||||||||||||||
|C190|060|1652|0,00|99230,50|0,00|0,00|0,00|0,00|0,00|0,00||
|C100|0|1|23314594004440|55|00|002|112236|42170623314594004440550020001122361992329684|23062017|23062017|80042,00|2|0,00|0,00|80042,00|1|0,00|0,00|0,00|0,00|0,00|0,00|0,00|0,00|||||
|C110|3|BOLETIM(NS) CONFORMIDADE : 5005/2017,   ICMS RETIDO POR SUBSTITUICAO TRIBUTARIA NOS TERMOS DO ART. 140 E 150 DO ANEXO 03 DO RICMS/SC.EXIBIR NA BOMBA OR|
|C170|1|5|OLEO DIESEL S10|10000,00000|L|23377,00|0,00|0|060|1652|1652|0,00|0,00|0,00|0,00|0,00|0,00|0|||0,00|0,00|0,00||||||||||||||
|C170|2|4|OLEO DIESEL B S500|25000,00000|L|56665,00|0,00|0|060|1652|1652|0,00|0,00|0,00|0,00|0,00|0,00|0|||0,00|0,00|0,00||||||||||||||
|C190|060|1652|0,00|80042,00|0,00|0,00|0,00|0,00|0,00|0,00||
|C100|0|1|20119891000107|55|08|890|1123320|42170682951310000156558900011233201338618073|28062017|28062017|540,00|2|0,00|0,00|540,00|9|0,00|0,00|0,00|540,00|0,00|0,00|0,00|0,00|||||
|C170|1|1192|SALGADOS 5.50|20,00000|UN|40,00|0,00|0|000|1102|1102|40,00|0,00|0,00|0,00|0,00|0,00|0|||0,00|0,00|0,00||||||||||||||
|C170|2|1192|SALGADOS 5.50|20,00000|UN|40,00|0,00|0|000|1102|1102|40,00|0,00|0,00|0,00|0,00|0,00|0|||0,00|0,00|0,00||||||||||||||
|C170|3|1192|SALGADOS 5.50|20,00000|UN|40,00|0,00|0|000|1102|1102|40,00|0,00|0,00|0,00|0,00|0,00|0|||0,00|0,00|0,00||||||||||||||
|C170|4|1192|SALGADOS 5.50|50,00000|UN|100,00|0,00|0|000|1102|1102|100,00|0,00|0,00|0,00|0,00|0,00|0|||0,00|0,00|0,00||||||||||||||
|C170|5|1192|SALGADOS 5.50|20,00000|UN|40,00|0,00|0|000|1102|1102|40,00|0,00|0,00|0,00|0,00|0,00|0|||0,00|0,00|0,00||||||||||||||
|C170|6|1192|SALGADOS 5.50|50,00000|UN|140,00|0,00|0|000|1102|1102|140,00|0,00|0,00|0,00|0,00|0,00|0|||0,00|0,00|0,00||||||||||||||
|C170|7|1192|SALGADOS 5.50|50,00000|UN|140,00|0,00|0|000|1102|1102|140,00|0,00|0,00|0,00|0,00|0,00|0|||0,00|0,00|0,00||||||||||||||
|C190|000|1102|0,00|540,00|540,00|0,00|0,00|0,00|0,00|0,00||
|C100|0|1|23314594004440|55|00|002|112385|42170623314594004440550020001123851694669738|29062017|29062017|79331,00|2|0,00|0,00|79331,00|1|0,00|0,00|0,00|0,00|0,00|0,00|0,00|0,00|||||
|C110|3|ICMS RETIDO POR SUBSTITUICAO TRIBUTARIA NOS TERMOS DO ART. 140 E 150 DO ANEXO 03 DO RICMS/SC.EXIBIR NA BOMBA ORIGEM DO PRODUTO ALESAT COMBUSTIVEIS S.A.|
|C170|1|4|OLEO DIESEL B S500|35000,00000|L|79331,00|0,00|0|060|1652|1652|0,00|0,00|0,00|0,00|0,00|0,00|0|||0,00|0,00|0,00||||||||||||||
|C190|060|1652|0,00|79331,00|0,00|0,00|0,00|0,00|0,00|0,00||
|C100|0|1|23314594004440|55|00|002|112440|42170623314594004440550020001124401215350942|30062017|30062017|56560,00|2|0,00|0,00|56560,00|1|0,00|0,00|0,00|0,00|0,00|0,00|0,00|0,00|||||
|C110|3|ICMS RETIDO POR SUBSTITUICAO TRIBUTARIA NOS TERMOS DO ART. 140 E 150 DO ANEXO 03 DO RICMS/SC.EXIBIR NA BOMBA ORIGEM DO PRODUTO ALESAT COMBUSTIVEIS S.A.|
|C170|1|1|GASOLINA COMUM|20000,00000|L|56560,00|0,00|0|060|1652|1652|0,00|0,00|0,00|0,00|0,00|0,00|0|||0,00|0,00|0,00||||||||||||||
|C190|060|1652|0,00|56560,00|0,00|0,00|0,00|0,00|0,00|0,00||
|C100|0|1|22138726000128|55|00|001|1157|42170622138726000128550010000011571000011570|02062017|06062017|512,49|2|0,00|0,00|490,00|9|0,00|0,00|22,49|0,00|0,00|0,00|0,00|0,00|||||
|C170|1|1192|SALGADOS 5.50|5,00000|UN|270,00|0,00|0|060|1102|1102|0,00|0,00|0,00|0,00|0,00|0,00|0|||0,00|0,00|0,00||||||||||||||
|C170|2|1192|SALGADOS 5.50|1,00000|UN|44,00|0,00|0|060|1102|1102|0,00|0,00|0,00|0,00|0,00|0,00|0|||0,00|0,00|0,00||||||||||||||
|C170|3|1192|SALGADOS 5.50|1,00000|UN|44,00|0,00|0|060|1102|1102|0,00|0,00|0,00|0,00|0,00|0,00|0|||0,00|0,00|0,00||||||||||||||
|C170|4|1192|SALGADOS 5.50|1,00000|UN|44,00|0,00|0|060|1102|1102|0,00|0,00|0,00|0,00|0,00|0,00|0|||0,00|0,00|0,00||||||||||||||
|C170|5|1192|SALGADOS 5.50|2,00000|UN|88,00|0,00|0|060|1102|1102|0,00|0,00|0,00|0,00|0,00|0,00|0|||0,00|0,00|0,00||||||||||||||
|C190|060|1102|0,00|512,49|0,00|0,00|0,00|0,00|0,00|0,00||
|C100|0|1|22138726000128|55|00|001|1167|42170622138726000128550010000011671000011673|05062017|05062017|801,16|2|0,00|0,00|801,16|9|35,16|0,00|0,00|0,00|0,00|0,00|0,00|0,00|||||
|C170|1|1928|BIG COXINHA|10,00000|UN|540,00|0,00|0|060|1102|1102|0,00|0,00|0,00|0,00|0,00|0,00|0|||0,00|0,00|0,00||||||||||||||
|C170|2|1192|SALGADOS 5.50|1,00000|UN|46,00|0,00|0|060|1102|1102|0,00|0,00|0,00|0,00|0,00|0,00|0|||0,00|0,00|0,00||||||||||||||
|C170|3|1192|SALGADOS 5.50|1,00000|UN|44,00|0,00|0|060|1102|1102|0,00|0,00|0,00|0,00|0,00|0,00|0|||0,00|0,00|0,00||||||||||||||
|C170|4|1192|SALGADOS 5.50|1,00000|UN|44,00|0,00|0|060|1102|1102|0,00|0,00|0,00|0,00|0,00|0,00|0|||0,00|0,00|0,00||||||||||||||
|C170|5|1192|SALGADOS 5.50|1,00000|UN|46,00|0,00|0|060|1102|1102|0,00|0,00|0,00|0,00|0,00|0,00|0|||0,00|0,00|0,00||||||||||||||
|C170|6|1192|SALGADOS 5.50|1,00000|UN|46,00|0,00|0|060|1102|1102|0,00|0,00|0,00|0,00|0,00|0,00|0|||0,00|0,00|0,00||||||||||||||
|C190|060|1102|0,00|801,16|0,00|0,00|0,00|0,00|0,00|0,00||
|C100|0|1|22138726000128|55|00|001|1190|42170622138726000128550010000011901000011906|09062017|09062017|978,97|2|0,00|0,00|936,00|9|0,00|0,00|0,00|0,00|0,00|1188,72|42,97|0,00|||||
|C110|2|VAL. ICMS ST RETIDO ANT.: 42.97|
|C170|1|1928|BIG COXINHA|10,00000|UN|540,00|0,00|0|010|1102|1102|0,00|0,00|0,00|685,80|0,00|24,79|0|||0,00|0,00|0,00||||||||||||||
|C170|2|1192|SALGADOS 5.50|1,00000|UN|44,00|0,00|0|010|1102|1102|0,00|0,00|0,00|55,88|0,00|2,02|0|||0,00|0,00|0,00||||||||||||||
|C170|3|1192|SALGADOS 5.50|1,00000|UN|44,00|0,00|0|010|1102|1102|0,00|0,00|0,00|55,88|0,00|2,02|0|||0,00|0,00|0,00||||||||||||||
|C170|4|1192|SALGADOS 5.50|1,00000|UN|44,00|0,00|0|010|1102|1102|0,00|0,00|0,00|55,88|0,00|2,02|0|||0,00|0,00|0,00||||||||||||||
|C170|5|1192|SALGADOS 5.50|2,00000|UN|88,00|0,00|0|010|1102|1102|0,00|0,00|0,00|111,76|0,00|4,04|0|||0,00|0,00|0,00||||||||||||||
|C170|6|1192|SALGADOS 5.50|1,00000|UN|44,00|0,00|0|010|1102|1102|0,00|0,00|0,00|55,88|0,00|2,02|0|||0,00|0,00|0,00||||||||||||||
|C170|7|1192|SALGADOS 5.50|1,00000|UN|44,00|0,00|0|010|1102|1102|0,00|0,00|0,00|55,88|0,00|2,02|0|||0,00|0,00|0,00||||||||||||||
|C170|8|1192|SALGADOS 5.50|1,00000|UN|44,00|0,00|0|010|1102|1102|0,00|0,00|0,00|55,88|0,00|2,02|0|||0,00|0,00|0,00||||||||||||||
|C170|9|1192|SALGADOS 5.50|1,00000|UN|44,00|0,00|0|010|1102|1102|0,00|0,00|0,00|55,88|0,00|2,02|0|||0,00|0,00|0,00||||||||||||||
|C190|010|1102|0,00|978,97|0,00|0,00|1188,72|42,97|0,00|0,00||
|C100|0|1|21661926000106|55|00|001|1199|42170621661926000106550010000011991020165062|06062017|09062017|208,90|2|0,00|0,00|208,90|9|0,00|0,00|0,00|208,90|3,77|0,00|0,00|0,00|||||
|C110|3|Nota Referente Cupom Fiscal N.: 6225 Val Aprox Tributos R$ 64,77 (31,01%) Fonte:IBPT DOCUMENTO EMITIDO POR ME OU EPP OPTANTE PELO SIMPLES NACIONAL NAO|
|C170|1|DETERGENTE WAVE 5L|DETERGENTE WAVE 5L|10,00000|BB|119,90|0,00|1|000|1556|1556|119,90|1,80|2,16|0,00|0,00|0,00|0|||0,00|0,00|0,00||||||||||||||
|C170|2|AGUA SANITARIA WAVE 5L|AGUA SANITARIA WAVE 5L|6,00000|BB|41,40|0,00|1|000|1556|1556|41,40|1,80|0,75|0,00|0,00|0,00|0|||0,00|0,00|0,00||||||||||||||
|C170|3|DESINFETANTE WAVE LAVANDA 05L|DESINFETANTE WAVE LAVANDA 05L|4,00000|BB|47,60|0,00|1|000|1556|1556|47,60|1,80|0,86|0,00|0,00|0,00|0|||0,00|0,00|0,00||||||||||||||
|C190|000|1556|1,80|208,90|208,90|3,77|0,00|0,00|0,00|0,00||
|C100|0|1|61186888017592|55|00|001|12001|42170661186888017592550010000120011384372257|21062017|22062017|28,74|2|0,00|0,00|28,74|0|0,00|0,00|0,00|0,00|0,00|0,00|0,00|0,00|||||
|C110|3|OV: 1015221583  VL: 3015441765  VT: 0070499416  VF: 5015058772 SI.: 0007 - Contribuinte DocSAP: 9644838181  PED CLI:  ?? Dinheiro ??   ICMS RETIDO P/SU|
|C170|1|4026|DELVALLE 100% LARANJA 1L|1,00000|CX|28,74|0,00|0|060|1910|1910|0,00|0,00|0,00|0,00|0,00|0,00|0|||0,00|0,00|0,00||||||||||||||
|C190|060|1910|0,00|28,74|0,00|0,00|0,00|0,00|0,00|0,00||
|C100|0|1|61186888017592|55|00|001|12014|42170661186888017592550010000120141389083340|21062017|22062017|1889,05|2|0,00|0,00|1877,14|0|0,00|0,00|0,00|1152,13|195,88|1545,84|66,94|55,03|||||
|C110|3|OV: 1015221605  VL: 3015441851  VT: 0070499416  VF: 5015058785 SI.: 0007 - Contribuinte DocSAP: 9644838194  PED CLI:  DT. VENC 29.06.2017 PRAZO DIAS: 0|
|C110|2|VAL. ICMS ST RETIDO ANT.: 66.94|
|C170|1|592|FANTA UVA 2LTS|2,00000|CX|74,11|0,00|0|010|1102|1102|74,11|17,00|12,60|81,44|0,00|1,25|0|00||74,11|2,25|1,67||||||||||||||
|C170|2|587|FANTA LARANJA 2 LTS|2,00000|CX|74,11|0,00|0|010|1102|1102|74,11|17,00|12,60|81,44|0,00|1,25|0|00||74,11|2,25|1,67||||||||||||||
|C170|3|1754|REFRI SPRITE 2L - ERRO|2,00000|UN|74,11|0,00|0|010|1102|1102|74,11|17,00|12,60|81,44|0,00|1,25|0|00||74,11|2,25|1,67||||||||||||||
|C170|4|424|COCA COLA 2 LT|8,00000|UN|311,00|0,00|0|010|1102|1102|311,00|17,00|52,87|403,20|0,00|15,67|0|00||311,00|3,00|9,33||||||||||||||
|C170|5|2170|COCA COLA ZERO 600ML|2,00000|UN|60,68|0,00|0|010|1102|1102|60,68|17,00|10,32|101,52|0,00|6,94|0|00||60,68|3,00|1,82||||||||||||||
|C170|6|427|COCA COLA MINI 250 ML|5,00000|CX|89,36|0,00|0|010|1102|1102|89,36|17,00|15,19|105,60|0,00|2,76|0|00||89,36|3,00|2,68||||||||||||||
|C170|7|429|COCA COLA ZERO 250ML|2,00000|UN|35,65|0,00|0|010|1102|1102|35,65|17,00|6,06|42,72|0,00|1,20|0|00||35,65|3,00|1,07||||||||||||||
|C170|8|1200|SCHWEPPES CITRUS 350ML|4,00000|UN|45,05|0,00|0|010|1102|1102|45,05|17,00|7,66|71,28|0,00|4,46|0|00||45,05|2,25|1,01||||||||||||||
|C170|9|1201|SCHWEPPES TONICA 350ML|4,00000|UN|44,65|0,00|0|010|1102|1102|44,65|17,00|7,59|71,28|0,00|4,53|0|00||44,65|3,00|1,34||||||||||||||
|C170|10|593|FANTA UVA 350ML LATA|4,00000|CX|42,81|0,00|0|010|1102|1102|42,81|17,00|7,28|67,68|0,00|4,23|0|00||42,81|2,25|0,96||||||||||||||
|C170|11|425|COCA COLA 350ML LATA|5,00000|UN|105,61|0,00|0|010|1102|1102|105,61|17,00|17,95|171,60|0,00|11,22|0|00||105,61|3,00|3,17||||||||||||||
|C170|12|7601|FANTA GUARANA 350ML LATA|2,00000|CX|15,63|0,00|0|010|1102|1102|15,63|17,00|2,66|33,84|0,00|3,10|0|00||15,63|1,50|0,23||||||||||||||
|C170|13|589|FANTA LARANJA 350ML LATA|2,00000|UN|42,81|0,00|0|010|1102|1102|42,81|17,00|7,28|67,68|0,00|4,23|0|00||42,81|2,25|0,96||||||||||||||
|C170|14|1199|SCHWEPPES CITRUS 1.5 LTS|4,00000|UN|99,87|0,00|0|010|1102|1102|99,87|17,00|16,98|126,00|0,00|4,44|0|00||99,87|2,25|2,25||||||||||||||
|C170|15|1259|SPRITE MINI 250ML|2,00000|CX|36,68|0,00|0|010|1102|1102|36,68|17,00|6,24|39,12|0,00|0,41|0|00||36,68|2,25|0,83||||||||||||||
|C170|16|2231|CERV. HEINEKEN PILSEN LT 350ML|6,00000|UN|192,94|0,00|0|060|1102|1102|0,00|0,00|0,00|0,00|0,00|0,00|0|00||192,94|4,50|8,68||||||||||||||
|C170|17|501|DELVALLE PESSEGO 1LT|1,00000|UN|28,08|0,00|0|060|1102|1102|0,00|0,00|0,00|0,00|0,00|0,00|0|||0,00|0,00|0,00||||||||||||||
|C170|18|490|DEL VALLE MAIS GOIABA 1L|1,00000|CX|28,08|0,00|0|060|1102|1102|0,00|0,00|0,00|0,00|0,00|0,00|0|||0,00|0,00|0,00||||||||||||||
|C170|19|491|DEL VALLE MAIS LARANJA 1LT|1,00000|CX|28,08|0,00|0|060|1102|1102|0,00|0,00|0,00|0,00|0,00|0,00|0|||0,00|0,00|0,00||||||||||||||
|C170|20|742|KAISER 250 ML|1,00000|UN|30,55|0,00|0|060|1102|1102|0,00|0,00|0,00|0,00|0,00|0,00|0|00||30,55|4,50|1,37||||||||||||||
|C170|21|284|BURN 1 LITRO|4,00000|UN|132,04|0,00|0|060|1102|1102|0,00|0,00|0,00|0,00|0,00|0,00|0|00||132,04|3,00|3,96||||||||||||||
|C170|22|353|CERVEJA DESPERADOS 330ML|1,00000|CX|74,94|0,00|0|060|1102|1102|0,00|0,00|0,00|0,00|0,00|0,00|0|00||74,94|4,50|3,37||||||||||||||
|C170|23|5391|CERV. HEINEKEN LONG NECK 330ML|2,00000|CX|155,27|0,00|0|060|1102|1102|0,00|0,00|0,00|0,00|0,00|0,00|0|00||155,27|4,50|6,99||||||||||||||
|C190|010|1102|17,00|1219,07|1152,13|195,88|1545,84|66,94|0,00|30,66||
|C190|060|1102|0,00|669,98|0,00|0,00|0,00|0,00|0,00|24,37||
|C100|0|1|22138726000128|55|00|001|1202|42170622138726000128550010000012021000012026|14062017|14062017|753,05|2|0,00|0,00|720,00|9|0,00|0,00|0,00|0,00|0,00|914,40|33,05|0,00|||||
|C110|2|VAL. ICMS ST RETIDO ANT.: 33.05|
|C170|1|1928|BIG COXINHA|10,00000|UN|540,00|0,00|0|010|1102|1102|0,00|0,00|0,00|685,80|0,00|24,79|0|||0,00|0,00|0,00||||||||||||||
|C170|2|1192|SALGADOS 5.50|1,00000|UN|46,00|0,00|0|010|1102|1102|0,00|0,00|0,00|58,42|0,00|2,11|0|||0,00|0,00|0,00||||||||||||||
|C170|3|1192|SALGADOS 5.50|1,00000|UN|46,00|0,00|0|010|1102|1102|0,00|0,00|0,00|58,42|0,00|2,11|0|||0,00|0,00|0,00||||||||||||||
|C170|4|1192|SALGADOS 5.50|1,00000|UN|44,00|0,00|0|010|1102|1102|0,00|0,00|0,00|55,88|0,00|2,02|0|||0,00|0,00|0,00||||||||||||||
|C170|5|1192|SALGADOS 5.50|1,00000|UN|44,00|0,00|0|010|1102|1102|0,00|0,00|0,00|55,88|0,00|2,02|0|||0,00|0,00|0,00||||||||||||||
|C190|010|1102|0,00|753,05|0,00|0,00|914,40|33,05|0,00|0,00||
|C100|0|1|22138726000128|55|00|001|1207|42170622138726000128550010000012071000012073|16062017|16062017|796,98|2|0,00|0,00|762,00|9|0,00|0,00|0,00|0,00|0,00|967,74|34,98|0,00|||||
|C110|2|VAL. ICMS ST RETIDO ANT.: 34.98|
|C170|1|1928|BIG COXINHA|10,00000|UN|540,00|0,00|0|010|1102|1102|0,00|0,00|0,00|685,80|0,00|24,79|0|||0,00|0,00|0,00||||||||||||||
|C170|2|1192|SALGADOS 5.50|1,00000|UN|44,00|0,00|0|010|1102|1102|0,00|0,00|0,00|55,88|0,00|2,02|0|||0,00|0,00|0,00||||||||||||||
|C170|3|1192|SALGADOS 5.50|1,00000|UN|44,00|0,00|0|010|1102|1102|0,00|0,00|0,00|55,88|0,00|2,02|0|||0,00|0,00|0,00||||||||||||||
|C170|4|1192|SALGADOS 5.50|1,00000|UN|44,00|0,00|0|010|1102|1102|0,00|0,00|0,00|55,88|0,00|2,02|0|||0,00|0,00|0,00||||||||||||||
|C170|5|1192|SALGADOS 5.50|1,00000|UN|44,00|0,00|0|010|1102|1102|0,00|0,00|0,00|55,88|0,00|2,02|0|||0,00|0,00|0,00||||||||||||||
|C170|6|1192|SALGADOS 5.50|1,00000|UN|46,00|0,00|0|010|1102|1102|0,00|0,00|0,00|58,42|0,00|2,11|0|||0,00|0,00|0,00||||||||||||||
|C190|010|1102|0,00|796,98|0,00|0,00|967,74|34,98|0,00|0,00||
|C100|0|1|22138726000128|55|00|001|1220|42170622138726000128550010000012201000012202|21062017|21062017|796,98|2|0,00|0,00|762,00|9|0,00|0,00|0,00|0,00|0,00|967,74|34,98|0,00|||||
|C110|2|VAL. ICMS ST RETIDO ANT.: 34.98|
|C170|1|1928|BIG COXINHA|10,00000|UN|540,00|0,00|0|010|1102|1102|0,00|0,00|0,00|685,80|0,00|24,79|0|||0,00|0,00|0,00||||||||||||||
|C170|2|1192|SALGADOS 5.50|2,00000|UN|88,00|0,00|0|010|1102|1102|0,00|0,00|0,00|111,76|0,00|4,04|0|||0,00|0,00|0,00||||||||||||||
|C170|3|1192|SALGADOS 5.50|1,00000|UN|44,00|0,00|0|010|1102|1102|0,00|0,00|0,00|55,88|0,00|2,02|0|||0,00|0,00|0,00||||||||||||||
|C170|4|1192|SALGADOS 5.50|1,00000|UN|44,00|0,00|0|010|1102|1102|0,00|0,00|0,00|55,88|0,00|2,02|0|||0,00|0,00|0,00||||||||||||||
|C170|5|1192|SALGADOS 5.50|1,00000|UN|46,00|0,00|0|010|1102|1102|0,00|0,00|0,00|58,42|0,00|2,11|0|||0,00|0,00|0,00||||||||||||||
|C190|010|1102|0,00|796,98|0,00|0,00|967,74|34,98|0,00|0,00||
|C100|0|1|21661926000106|55|00|001|1228|42170621661926000106550010000012281120122067|12062017|12062017|269,30|2|0,00|0,00|269,30|9|0,00|0,00|0,00|269,30|4,85|0,00|0,00|0,00|||||
|C110|3|Nota Referente Cupom Fiscal N.: 6348 Val Aprox Tributos R$ 85,00 (31,56%) Fonte:IBPT DOCUMENTO EMITIDO POR ME OU EPP OPTANTE PELO SIMPLES NACIONAL NAO|
|C170|1|LUSTRA MOVEIS WAVE 230ML|LUSTRA MOVEIS WAVE 230ML|2,00000|UN|8,58|0,00|1|000|1556|1556|8,58|1,80|0,15|0,00|0,00|0,00|0|||0,00|0,00|0,00||||||||||||||
|C170|2|SAPOLIO SAPONAX WAVE 230ML|SAPOLIO SAPONAX WAVE 230ML|4,00000|UN|17,96|0,00|1|000|1556|1556|17,96|1,80|0,32|0,00|0,00|0,00|0|||0,00|0,00|0,00||||||||||||||
|C170|3|ALCOOL DA ILHA LIQUIDO 1L 46,2 2351|ALCOOL DA ILHA LIQUIDO 1L 46,2 2351|4,00000|UN|21,96|0,00|1|000|1556|1556|21,96|1,80|0,40|0,00|0,00|0,00|0|||0,00|0,00|0,00||||||||||||||
|C170|4|DESINFETANTE WAVE LAVANDA 05L|DESINFETANTE WAVE LAVANDA 05L|2,00000|BB|23,80|0,00|1|000|1556|1556|23,80|1,80|0,43|0,00|0,00|0,00|0|||0,00|0,00|0,00||||||||||||||
|C170|5|DESINFETANTE WAVE TALCO 05L|DESINFETANTE WAVE TALCO 05L|3,00000|BB|35,70|0,00|1|000|1556|1556|35,70|1,80|0,64|0,00|0,00|0,00|0|||0,00|0,00|0,00||||||||||||||
|C170|6|AGUA SANITARIA WAVE 5L|AGUA SANITARIA WAVE 5L|6,00000|BB|41,40|0,00|1|000|1556|1556|41,40|1,80|0,75|0,00|0,00|0,00|0|||0,00|0,00|0,00||||||||||||||
|C170|7|DETERGENTE WAVE 5L|DETERGENTE WAVE 5L|10,00000|BB|119,90|0,00|1|000|1556|1556|119,90|1,80|2,16|0,00|0,00|0,00|0|||0,00|0,00|0,00||||||||||||||
|C190|000|1556|1,80|269,30|269,30|4,85|0,00|0,00|0,00|0,00||
|C100|0|1|22138726000128|55|00|001|1231|42170622138726000128550010000012311000012311|23062017|23062017|520,93|2|0,00|0,00|500,00|9|0,00|0,00|0,00|0,00|0,00|635,00|22,95|0,00|||||
|C110|2|VAL. ICMS ST RETIDO ANT.: 22.95|
|C170|1|1928|BIG COXINHA|6,00000|UN|324,00|0,00|0|010|1102|1102|0,00|0,00|0,00|411,48|0,00|14,87|0|||0,00|0,00|0,00||||||||||||||
|C170|2|1192|SALGADOS 5.50|2,00000|UN|88,00|0,00|0|010|1102|1102|0,00|0,00|0,00|111,76|0,00|4,04|0|||0,00|0,00|0,00||||||||||||||
|C170|3|1192|SALGADOS 5.50|1,00000|UN|44,00|0,00|0|010|1102|1102|0,00|0,00|0,00|55,88|0,00|2,02|0|||0,00|0,00|0,00||||||||||||||
|C170|4|1192|SALGADOS 5.50|1,00000|UN|44,00|0,00|0|000|1102|1102|0,00|0,00|0,00|55,88|0,00|2,02|0|||0,00|0,00|0,00||||||||||||||
|C190|010|1102|0,00|476,93|0,00|0,00|579,12|20,93|0,00|0,00||
|C190|000|1102|0,00|44,00|0,00|0,00|55,88|2,02|0,00|0,00||
|C100|0|1|22138726000128|55|00|001|1244|42170622138726000128550010000012441000012441|27062017|28062017|891,11|2|0,00|0,00|852,00|9|0,00|0,00|0,00|0,00|0,00|1082,04|39,11|0,00|||||
|C110|2|VAL. ICMS ST RETIDO ANT.: 39.11|
|C170|1|4568|PAO DE QUEIJO|10,00000|UN|540,00|0,00|0|010|1102|1102|0,00|0,00|0,00|685,80|0,00|24,79|0|||0,00|0,00|0,00||||||||||||||
|C170|2|1192|SALGADOS 5.50|1,00000|UN|44,00|0,00|0|010|1102|1102|0,00|0,00|0,00|55,88|0,00|2,02|0|||0,00|0,00|0,00||||||||||||||
|C170|3|1192|SALGADOS 5.50|1,00000|UN|44,00|0,00|0|010|1102|1102|0,00|0,00|0,00|55,88|0,00|2,02|0|||0,00|0,00|0,00||||||||||||||
|C170|4|1192|SALGADOS 5.50|1,00000|UN|44,00|0,00|0|010|1102|1102|0,00|0,00|0,00|55,88|0,00|2,02|0|||0,00|0,00|0,00||||||||||||||
|C170|5|1192|SALGADOS 5.50|1,00000|UN|46,00|0,00|0|010|1102|1102|0,00|0,00|0,00|58,42|0,00|2,11|0|||0,00|0,00|0,00||||||||||||||
|C170|6|1192|SALGADOS 5.50|1,00000|UN|46,00|0,00|0|010|1102|1102|0,00|0,00|0,00|58,42|0,00|2,11|0|||0,00|0,00|0,00||||||||||||||
|C170|7|1192|SALGADOS 5.50|1,00000|UN|44,00|0,00|0|010|1102|1102|0,00|0,00|0,00|55,88|0,00|2,02|0|||0,00|0,00|0,00||||||||||||||
|C170|8|1192|SALGADOS 5.50|1,00000|UN|44,00|0,00|0|010|1102|1102|0,00|0,00|0,00|55,88|0,00|2,02|0|||0,00|0,00|0,00||||||||||||||
|C190|010|1102|0,00|891,11|0,00|0,00|1082,04|39,11|0,00|0,00||
|C100|0|1|22138726000128|55|00|001|1249|42170622138726000128550010000012491000012499|30062017|30062017|282,39|2|0,00|0,00|270,00|9|0,00|0,00|12,39|0,00|0,00|0,00|0,00|0,00|||||
|C170|1|1928|BIG COXINHA|5,00000|UN|270,00|0,00|0|060|1102|1102|0,00|0,00|0,00|0,00|0,00|0,00|0|||0,00|0,00|0,00||||||||||||||
|C190|060|1102|0,00|282,39|0,00|0,00|0,00|0,00|0,00|0,00||
|C100|0|1|21661926000106|55|00|001|1253|42170621661926000106550010000012531220112066|21062017|22062017|161,30|2|0,00|0,00|161,30|9|0,00|0,00|0,00|161,30|2,91|0,00|0,00|0,00|||||
|C110|3|Nota Referente Cupom Fiscal N.: 6424 Val Aprox Tributos R$ 53,93 (33,43%) Fonte:IBPT DOCUMENTO EMITIDO POR ME OU EPP OPTANTE PELO SIMPLES NACIONAL NAO|
|C170|1|DETERGENTE WAVE 5L|DETERGENTE WAVE 5L|10,00000|BB|119,90|0,00|1|000|1556|1556|119,90|1,80|2,16|0,00|0,00|0,00|0|||0,00|0,00|0,00||||||||||||||
|C170|2|AGUA SANITARIA WAVE 5L|AGUA SANITARIA WAVE 5L|6,00000|BB|41,40|0,00|1|000|1556|1556|41,40|1,80|0,75|0,00|0,00|0,00|0|||0,00|0,00|0,00||||||||||||||
|C190|000|1556|1,80|161,30|161,30|2,91|0,00|0,00|0,00|0,00||
|C100|0|1|03984107001009|55|00|001|12555|42170603984107001009550010000125551000796800|05062017|07062017|240,00|2|0,00|0,00|240,00|9|0,00|0,00|0,00|0,00|0,00|0,00|0,00|0,00|||||
|C170|1|5315|CHIP VIVO C/ RECARGA|17,00000|UN|240,00|0,00|0|060|1102|1102|0,00|0,00|0,00|0,00|0,00|0,00|0|||0,00|0,00|0,00||||||||||||||
|C190|060|1102|0,00|240,00|0,00|0,00|0,00|0,00|0,00|0,00||
|C100|0|1|03984107001009|55|00|001|12556|42170603984107001009550010000125561000796815|05062017|07062017|250,00|2|0,00|0,00|250,00|9|0,00|0,00|0,00|0,00|0,00|0,00|0,00|0,00|||||
|C170|1|5911|CHIP PRE OI 4G|10,00000|UN|50,00|0,00|0|041|1102|1102|0,00|0,00|0,00|0,00|0,00|0,00|0|||0,00|0,00|0,00||||||||||||||
|C170|2|7334|CLARO CHIP + 10 DE RECARGA|29,00000|UN|200,00|0,00|0|060|1102|1102|0,00|0,00|0,00|0,00|0,00|0,00|0|||0,00|0,00|0,00||||||||||||||
|C190|041|1102|0,00|50,00|0,00|0,00|0,00|0,00|0,00|0,00||
|C190|060|1102|0,00|200,00|0,00|0,00|0,00|0,00|0,00|0,00||
|C100|0|1|08530160000154|55|00|001|12719|42170608530160000154550010000127191442668816|13062017|16062017|286,00|2|0,00|0,00|286,00|0|0,00|0,00|0,00|0,00|0,00|0,00|0,00|0,00|||||
|C110|3|Imposto Retido por substituiA§A£o tributaria BC ST retido anteriormente: R$ 109,12, ICMS St retido anteriormente: R$ 10,84    SaA­da para comerciante v|
|C170|1|4969|NITRIX 2,1L|2,00000|UN|96,00|0,00|0|060|1102|1102|0,00|0,00|0,00|0,00|0,00|0,00|0|||0,00|0,00|0,00||||||||||||||
|C170|2|3016|ENERGETICO NITRIX 270ML|2,00000|CX|78,00|0,00|0|060|1102|1102|0,00|0,00|0,00|0,00|0,00|0,00|0|||0,00|0,00|0,00||||||||||||||
|C170|3|3015|ENERGETICO NITRIX 1L/1,250L|4,00000|UN|112,00|0,00|0|060|1102|1102|0,00|0,00|0,00|0,00|0,00|0,00|0|||0,00|0,00|0,00||||||||||||||
|C190|060|1102|0,00|286,00|0,00|0,00|0,00|0,00|0,00|0,00||
|C100|0|1|21661926000106|55|00|001|1273|42170621661926000106550010000012731220185066|28062017|28062017|239,84|2|0,00|0,00|239,84|9|0,00|0,00|0,00|239,84|4,32|0,00|0,00|0,00|||||
|C110|3|Nota Referente Cupom Fiscal N.: 6511 Val Aprox Tributos R$ 74,21 (30,94%) Fonte:IBPT DOCUMENTO EMITIDO POR ME OU EPP OPTANTE PELO SIMPLES NACIONAL NAO|
|C170|1|DETERGENTE WAVE 5L|DETERGENTE WAVE 5L|10,00000|BB|119,90|0,00|1|000|1556|1556|119,90|1,80|2,16|0,00|0,00|0,00|0|||0,00|0,00|0,00||||||||||||||
|C170|2|AGUA SANITARIA BELLA DONA 5L 003|AGUA SANITARIA BELLA DONA 5L 003|6,00000|BB|32,94|0,00|1|000|1556|1556|32,94|1,80|0,59|0,00|0,00|0,00|0|||0,00|0,00|0,00||||||||||||||
|C170|3|ALCOOL WAVE LIQUIDO 1L 46 6423|ALCOOL WAVE LIQUIDO 1L 46 6423|5,00000|UN|27,50|0,00|1|000|1556|1556|27,50|1,80|0,50|0,00|0,00|0,00|0|||0,00|0,00|0,00||||||||||||||
|C170|4|DESINFETANTE WAVE LAVANDA 05L|DESINFETANTE WAVE LAVANDA 05L|5,00000|BB|59,50|0,00|1|000|1556|1556|59,50|1,80|1,07|0,00|0,00|0,00|0|||0,00|0,00|0,00||||||||||||||
|C190|000|1556|1,80|239,84|239,84|4,32|0,00|0,00|0,00|0,00||
|C100|0|1|15682391000149|55|00|001|12781|42170615682391000149550010000127811526401217|05062017|06062017|463,97|2|0,00|0,00|459,75|9|0,00|0,00|4,22|0,00|0,00|0,00|0,00|0,00|||||
|C170|1|424|COCA COLA 2 LT|5,00000|UN|191,75|0,00|0|060|1102|1102|0,00|0,00|0,00|0,00|0,00|0,00|0|||0,00|0,00|0,00||||||||||||||
|C170|2|426|COCA COLA 600ML|8,00000|CX|268,00|0,00|0|060|1102|1102|0,00|0,00|0,00|0,00|0,00|0,00|0|||0,00|0,00|0,00||||||||||||||
|C190|060|1102|0,00|463,97|0,00|0,00|0,00|0,00|0,00|0,00||
|C100|0|1|15682391000149|55|00|001|12848|42170615682391000149550010000128481526401218|09062017|10062017|313,20|2|0,00|0,00|309,00|0|0,00|0,00|4,20|0,00|0,00|0,00|0,00|0,00|||||
|C110|3|Codigo Cliente: 55264 Nome Fantasia: GRANDE PARADA Mapa: 0050901 Viagem: 01 Controle: Entregador: 005 Vendedor: 005 - JOAO Contato: Rota: 005 Tabela :2|
|C170|1|673|GUARANA ANTARTICA LATA|4,00000|UN|84,00|0,00|0|060|1102|1102|0,00|0,00|0,00|0,00|0,00|0,00|0|||0,00|0,00|0,00||||||||||||||
|C170|2|425|COCA COLA 350ML LATA|10,00000|CX|225,00|0,00|0|060|1102|1102|0,00|0,00|0,00|0,00|0,00|0,00|0|||0,00|0,00|0,00||||||||||||||
|C190|060|1102|0,00|313,20|0,00|0,00|0,00|0,00|0,00|0,00||
|C100|0|1|82973785000143|55|00|002|1287|42170682973785000143550020000012871428876669|01062017|06062017|310,01|2|0,00|0,00|301,72|9|0,00|0,00|0,00|245,70|41,77|152,41|8,29|0,00|||||
|C110|2|VAL. ICMS ST RETIDO ANT.: 8.287629|
|C170|1|2923|BISC LUNA SUSPIRO 100G|1,00000|UN|28,52|0,00|0|010|1102|1102|28,52|17,00|4,85|17,69|0,00|0,96|0|||0,00|0,00|0,00||||||||||||||
|C170|2|2922|BISC LUNA ORELHA DE GATO 250G|1,00000|UN|38,80|0,00|0|010|1102|1102|38,80|17,00|6,60|24,07|0,00|1,31|0|||0,00|0,00|0,00||||||||||||||
|C170|3|3080|SALG LUNA PALITO POLV DOCE 150|1,00000|UN|41,90|0,00|0|010|1102|1102|41,90|17,00|7,12|25,99|0,00|1,41|0|||0,00|0,00|0,00||||||||||||||
|C170|4|3108|SALG LUNA ROSQUINHA POLV 90G|1,00000|UN|32,59|0,00|0|010|1102|1102|32,59|17,00|5,54|20,22|0,00|1,10|0|||0,00|0,00|0,00||||||||||||||
|C170|5|3109|SALG LUNA ROSQUINHA POLV QJO 9|1,00000|UN|32,59|0,00|0|010|1102|1102|32,59|17,00|5,54|20,22|0,00|1,10|0|||0,00|0,00|0,00||||||||||||||
|C170|6|2994|AMENDOIM DOCE ESCURO LUNA 200|1,00000|UN|56,02|0,00|0|060|1102|1102|0,00|0,00|0,00|0,00|0,00|0,00|0|||0,00|0,00|0,00||||||||||||||
|C170|7|3111|AMENDOIM SALG LUNA 200G|1,00000|UN|71,30|0,00|0|010|1102|1102|71,30|17,00|12,12|44,23|0,00|2,41|0|||0,00|0,00|0,00||||||||||||||
|C190|010|1102|17,00|253,99|245,70|41,77|152,41|8,29|0,00|0,00||
|C190|060|1102|0,00|56,02|0,00|0,00|0,00|0,00|0,00|0,00||
|C100|0|1|23314594001859|55|00|002|128888|41170623314594001859550020001288881386357317|13062017|16062017|1807,99|2|0,00|0,00|1358,99|0|0,00|0,00|0,00|0,00|0,00|2641,20|449,00|0,00|||||
|C110|3|Liberacao: 012526   PRODUTO SERA RETIRADO NA CHEVRON BRASIL LUBRIFICANTES LTDA - CNPJ 05524572000940 - IE 9029663154RUA ANTONIO LACERDA BRAGA, 535 - CU|
|C110|2|VAL. ICMS ST RETIDO ANT.: 449.0|
|C170|1|7598|URSA LA3 SAE 15W40 API CH-4 4LITROS|4,00000|CX|664,46|0,00|0|030|2652|2652|0,00|0,00|0,00|1291,38|0,00|219,53|0|||0,00|0,00|0,00||||||||||||||
|C170|2|7091|URSA LA3 15W40 APICH-4 1 LITRO|4,00000|CX|694,53|0,00|0|030|2652|2652|0,00|0,00|0,00|1349,82|0,00|229,47|0|||0,00|0,00|0,00||||||||||||||
|C190|030|2652|0,00|1807,99|0,00|0,00|2641,20|449,00|0,00|0,00||
|C100|0|1|15682391000149|55|00|001|12889|42170615682391000149550010000128891526401210|13062017|14062017|396,95|2|0,00|0,00|392,75|0|0,00|0,00|4,20|0,00|0,00|0,00|0,00|0,00|||||
|C110|3|Codigo Cliente: 55264 Nome Fantasia: GRANDE PARADA Mapa: 0051301 Viagem: 01 Controle: Entregador: 005 Vendedor: 005 - JOAO Contato: Rota: 005 Tabela :2|
|C170|1|424|COCA COLA 2 LT|5,00000|UN|191,75|0,00|0|060|1102|1102|0,00|0,00|0,00|0,00|0,00|0,00|0|||0,00|0,00|0,00||||||||||||||
|C170|2|426|COCA COLA 600ML|6,00000|CX|201,00|0,00|0|060|1102|1102|0,00|0,00|0,00|0,00|0,00|0,00|0|||0,00|0,00|0,00||||||||||||||
|C190|060|1102|0,00|396,95|0,00|0,00|0,00|0,00|0,00|0,00||
|C100|0|1|15682391000149|55|00|001|12976|42170615682391000149550010000129761526401218|20062017|21062017|240,93|2|0,00|0,00|236,75|0|0,00|0,00|4,18|0,00|0,00|0,00|0,00|0,00|||||
|C110|3|Codigo Cliente: 55264 Nome Fantasia: GRANDE PARADA Mapa: 0052001 Viagem: 01 Controle: Entregador: 005 Vendedor: 005 - JOAO Contato: Rota: 005 Tabela :2|
|C170|1|424|COCA COLA 2 LT|5,00000|UN|191,75|0,00|0|060|1102|1102|0,00|0,00|0,00|0,00|0,00|0,00|0|||0,00|0,00|0,00||||||||||||||
|C170|2|425|COCA COLA 350ML LATA|2,00000|CX|45,00|0,00|0|060|1102|1102|0,00|0,00|0,00|0,00|0,00|0,00|0|||0,00|0,00|0,00||||||||||||||
|C190|060|1102|0,00|240,93|0,00|0,00|0,00|0,00|0,00|0,00||
|C100|0|1|27862734000136|55|00|001|13|42170627862734000136550010000000131278627343|20062017|21062017|1210,56|2|0,00|0,00|1210,56|9|0,00|0,00|0,00|0,00|0,00|0,00|0,00|0,00|||||
|C110|3|a|
|C170|1|5959|OLEO HIDRAULICO ATF 1000ML|24,00000|UN|333,60|0,00|0|060|1652|1652|0,00|0,00|0,00|0,00|0,00|0,00|0|||0,00|0,00|0,00||||||||||||||
|C170|2|5958|ADITIVO BREAK SMOKE 500ML|24,00000|UN|381,60|0,00|0|060|1652|1652|0,00|0,00|0,00|0,00|0,00|0,00|0|||0,00|0,00|0,00||||||||||||||
|C170|3|7641|FLUIDO P/ RADIADORES VDP COOLANT 1L|24,00000|UN|215,76|0,00|0|060|1652|1652|0,00|0,00|0,00|0,00|0,00|0,00|0|||0,00|0,00|0,00||||||||||||||
|C170|4|1003|PALHETA AUTOIMPACT 18``|10,00000|UN|139,80|0,00|0|260|1102|1102|0,00|0,00|0,00|0,00|0,00|0,00|0|||0,00|0,00|0,00||||||||||||||
|C170|5|1890|PALHETA AUTOIMPACT 20"|10,00000|UN|139,80|0,00|0|260|1102|1102|0,00|0,00|0,00|0,00|0,00|0,00|0|||0,00|0,00|0,00||||||||||||||
|C190|060|1652|0,00|930,96|0,00|0,00|0,00|0,00|0,00|0,00||
|C190|260|1102|0,00|279,60|0,00|0,00|0,00|0,00|0,00|0,00||
|C100|0|1|08033412000130|55|00|001|13056|42170608033412000130550010000130561570175705|20062017|21062017|222,85|2|0,00|0,00|222,85|0|0,00|0,00|0,00|21,35|0,66|0,00|0,00|0,00|||||
|C110|3|Nome Fantasia: GRANDE PARADA NORTE;;Documento emitido por ME ou EPP optante pelo Simples Nacional.;;Nao gera direito a credito fiscal de IPI. Permite o|
|C170|1|1192|SALGADOS 5.50|1,00000|UN|27,50|0,00|0|060|1102|1102|0,00|0,00|0,00|0,00|0,00|0,00|0|||0,00|0,00|0,00||||||||||||||
|C170|2|1192|SALGADOS 5.50|1,00000|UN|27,50|0,00|0|060|1102|1102|0,00|0,00|0,00|0,00|0,00|0,00|0|||0,00|0,00|0,00||||||||||||||
|C170|3|1192|SALGADOS 5.50|1,00000|UN|27,50|0,00|0|060|1102|1102|0,00|0,00|0,00|0,00|0,00|0,00|0|||0,00|0,00|0,00||||||||||||||
|C170|4|1192|SALGADOS 5.50|1,00000|UN|27,45|0,00|0|060|1102|1102|0,00|0,00|0,00|0,00|0,00|0,00|0|||0,00|0,00|0,00||||||||||||||
|C170|5|1192|SALGADOS 5.50|1,00000|UN|21,35|0,00|0|060|1102|1102|0,00|0,00|0,00|0,00|0,00|0,00|0|||0,00|0,00|0,00||||||||||||||
|C170|6|1192|SALGADOS 5.50|1,00000|UN|21,35|0,00|0|060|1102|1102|0,00|0,00|0,00|0,00|0,00|0,00|0|||0,00|0,00|0,00||||||||||||||
|C170|7|1192|SALGADOS 5.50|1,00000|UN|21,35|0,00|0|060|1102|1102|0,00|0,00|0,00|0,00|0,00|0,00|0|||0,00|0,00|0,00||||||||||||||
|C170|8|1192|SALGADOS 5.50|1,00000|UN|21,35|0,00|0|000|1102|1102|21,35|3,10|0,66|0,00|0,00|0,00|0|||0,00|0,00|0,00||||||||||||||
|C170|9|1192|SALGADOS 5.50|1,00000|UN|27,50|0,00|0|060|1102|1102|0,00|0,00|0,00|0,00|0,00|0,00|0|||0,00|0,00|0,00||||||||||||||
|C190|000|1102|3,10|21,35|21,35|0,66|0,00|0,00|0,00|0,00||
|C190|060|1102|0,00|201,50|0,00|0,00|0,00|0,00|0,00|0,00||
|C100|0|1|08033412000130|55|00|001|13124|42170608033412000130550010000131241695184680|27062017|28062017|577,50|2|0,00|0,00|577,50|0|0,00|0,00|0,00|0,00|0,00|0,00|0,00|0,00|||||
|C110|3|Nome Fantasia: GRANDE PARADA NORTE;;Documento emitido por ME ou EPP optante pelo Simples Nacional.;;Nao gera direito a credito fiscal de IPI.;;E-mail:|
|C170|1|1192|SALGADOS 5.50|5,00000|UN|137,50|0,00|0|060|1102|1102|0,00|0,00|0,00|0,00|0,00|0,00|0|||0,00|0,00|0,00||||||||||||||
|C170|2|1192|SALGADOS 5.50|6,00000|UN|165,00|0,00|0|060|1102|1102|0,00|0,00|0,00|0,00|0,00|0,00|0|||0,00|0,00|0,00||||||||||||||
|C170|3|1192|SALGADOS 5.50|5,00000|UN|137,50|0,00|0|060|1102|1102|0,00|0,00|0,00|0,00|0,00|0,00|0|||0,00|0,00|0,00||||||||||||||
|C170|4|1192|SALGADOS 5.50|5,00000|UN|137,50|0,00|0|060|1102|1102|0,00|0,00|0,00|0,00|0,00|0,00|0|||0,00|0,00|0,00||||||||||||||
|C190|060|1102|0,00|577,50|0,00|0,00|0,00|0,00|0,00|0,00||
|C100|0|1|06958597000400|55|00|001|134533|41170606958597000400550010001345331903068496|06062017|08062017|13860,50|2|0,00|0,00|11290,34|9|0,00|0,00|0,00|11290,34|1919,36|157000,00|2570,16|0,00|||||
|C110|2|VAL. ICMS ST RETIDO ANT.: 2570.16|
|C170|1|3|ETANOL|5000,00000|L|11290,34|0,00|0|010|2652|2652|11290,34|17,00|1919,36|157000,00|0,00|2570,16|0|||0,00|0,00|0,00||||||||||||||
|C190|010|2652|17,00|13860,50|11290,34|1919,36|157000,00|2570,16|0,00|0,00||
|C100|0|1|27655391000139|55|00|001|137|42170627655391000139550010000001371298511311|27062017|28062017|93,60|2|0,00|0,00|93,60|0|0,00|0,00|0,00|93,60|0,00|0,00|0,00|0,00|||||
|C110|3|Empresa enquadrada no Simples Nacional cfme lei compl. nr 123/2006. Nao gera direiro a credito do ICMS e IPI|
|C170|1|6567|AGUA SERRA DA GRACIOSA SEM GAS  1,5ML|10,00000|PCT|93,60|0,00|0|000|1102|1102|93,60|0,00|0,00|0,00|0,00|0,00|0|||0,00|0,00|0,00||||||||||||||
|C190|000|1102|0,00|93,60|93,60|0,00|0,00|0,00|0,00|0,00||
|C100|0|1|81408759000100|55|00|001|14076|41170681408759000100550010000140761000140768|02062017|06062017|1377,19|2|0,00|0,00|1377,19|9|35,20|0,00|0,00|0,00|0,00|0,00|0,00|0,00|||||
|C170|1|1545|HIPERVISAO LIMPA PARABRISA 120|204,00000|UN|1341,99|0,00|0|060|2652|2652|0,00|0,00|0,00|0,00|0,00|0,00|0|||0,00|0,00|0,00||||||||||||||
|C190|060|2652|0,00|1377,19|0,00|0,00|0,00|0,00|0,00|0,00||
|C100|0|1|10354704000205|01|00|001|1429||22062017|23062017|13860,50|2|0,00|0,00|11290,34|9|0,00|0,00|0,00|11290,34|1919,36|157000,00|2570,16|0,00|||||
|C110|2|VAL. ICMS ST RETIDO ANT.: 2570.16|
|C170|1|3|ETANOL|5000,00000|L|11290,34|0,00|0|010|2652|2652|11290,34|17,00|1919,36|157000,00|0,00|2570,16|0|||0,00|0,00|0,00||||||||||||||
|C190|010|2652|17,00|13860,50|11290,34|1919,36|157000,00|2570,16|0,00|0,00||
|C100|1|0|81374845000149|55|08|001|14518|42170612974834000187550010000145181000048218|01062017|01062017|313,02|2|0,00|0,00|313,02|9|0,00|0,00|0,00|0,00|0,00|0,00|0,00|0,00|||||
|C110|1|REFERENTE CUPOM FISCAL|
|C190|060|5929|0,00|313,02|0,00|0,00|0,00|0,00|0,00|0,00||
|C100|1|0|17842929000160|55|08|001|14519|42170612974834000187550010000145191000048223|01062017|01062017|280,61|2|0,00|0,00|280,61|9|0,00|0,00|0,00|0,00|0,00|0,00|0,00|0,00|||||
|C110|1|REFERENTE CUPOM FISCAL|
|C190|060|6929|0,00|280,61|0,00|0,00|0,00|0,00|0,00|0,00||
|C100|1|0|11466751000114|55|08|001|14520|42170612974834000187550010000145201000048232|01062017|01062017|520,04|2|0,00|0,00|520,04|9|0,00|0,00|0,00|0,00|0,00|0,00|0,00|0,00|||||
|C110|1|REFERENTE CUPOM FISCAL|
|C190|060|6929|0,00|520,04|0,00|0,00|0,00|0,00|0,00|0,00||
|C100|1|0|08772091000195|55|08|001|14521|42170612974834000187550010000145211000048248|01062017|01062017|1000,09|2|0,00|0,00|1000,09|9|0,00|0,00|0,00|0,00|0,00|0,00|0,00|0,00|||||
|C110|1|REFERENTE CUPOM FISCAL|
|C190|060|5929|0,00|1000,09|0,00|0,00|0,00|0,00|0,00|0,00||
|C100|1|0|11056737000142|55|08|001|14522|42170612974834000187550010000145221000048253|01062017|01062017|400,03|2|0,00|0,00|400,03|9|0,00|0,00|0,00|0,00|0,00|0,00|0,00|0,00|||||
|C110|1|REFERENTE CUPOM FISCAL|
|C190|060|6929|0,00|400,03|0,00|0,00|0,00|0,00|0,00|0,00||
|C100|1|0|86048063000133|55|08|001|14523|42170612974834000187550010000145231000048269|01062017|01062017|259,91|2|0,00|0,00|259,91|9|0,00|0,00|0,00|0,00|0,00|0,00|0,00|0,00|||||
|C110|1|REFERENTE CUPOM FISCAL|
|C190|060|5929|0,00|259,91|0,00|0,00|0,00|0,00|0,00|0,00||
|C100|1|0|59827033972|55|08|001|14524|42170612974834000187550010000145241000048274|01062017|01062017|300,02|2|0,00|0,00|300,02|9|0,00|0,00|0,00|0,00|0,00|0,00|0,00|0,00|||||
|C110|1|REFERENTE CUPOM FISCAL|
|C190|060|6929|0,00|300,02|0,00|0,00|0,00|0,00|0,00|0,00||
|C100|1|0|09568756000106|55|08|001|14525|42170612974834000187550010000145251000048280|01062017|01062017|180,02|2|0,00|0,00|180,02|9|0,00|0,00|0,00|0,00|0,00|0,00|0,00|0,00|||||
|C110|1|REFERENTE CUPOM FISCAL|
|C190|060|5929|0,00|180,02|0,00|0,00|0,00|0,00|0,00|0,00||
|C100|1|0|20676577000125|55|08|001|14526|42170612974834000187550010000145261000048295|01062017|01062017|1133,02|2|0,00|0,00|1133,02|9|0,00|0,00|0,00|0,00|0,00|0,00|0,00|0,00|||||
|C110|1|REFERENTE CUPOM FISCAL|
|C190|060|6929|0,00|1133,02|0,00|0,00|0,00|0,00|0,00|0,00||
|C100|1|0|05651080000169|55|08|001|14528|42170612974834000187550010000145281000048311|01062017|01062017|1549,46|2|0,00|0,00|1549,46|9|0,00|0,00|0,00|0,00|0,00|0,00|0,00|0,00|||||
|C110|1|REFERENTE CUPOM FISCAL|
|C190|060|6929|0,00|1549,46|0,00|0,00|0,00|0,00|0,00|0,00||
|C100|1|0|12483945000190|55|08|001|14529|42170612974834000187550010000145291000048327|01062017|01062017|628,03|2|0,00|0,00|628,03|9|0,00|0,00|0,00|5,00|0,86|0,00|0,00|0,00|||||
|C110|1|REFERENTE CUPOM FISCAL|
|C190|060|5929|0,00|623,03|0,00|0,00|0,00|0,00|0,00|0,00||
|C190|000|5929|17,00|5,00|5,00|0,86|0,00|0,00|0,00|0,00||
|C100|1|0|85783868000168|55|08|001|14531|42170612974834000187550010000145311000048341|01062017|01062017|724,62|2|0,00|0,00|724,62|9|0,00|0,00|0,00|0,00|0,00|0,00|0,00|0,00|||||
|C110|1|REFERENTE CUPOM FISCAL|
|C190|060|5929|0,00|724,62|0,00|0,00|0,00|0,00|0,00|0,00||
|C100|1|0|21634552000121|55|08|001|14532|42170612974834000187550010000145321000048357|02062017|02062017|216,02|2|0,00|0,00|216,02|9|0,00|0,00|0,00|0,00|0,00|0,00|0,00|0,00|||||
|C110|1|REFERENTE CUPOM FISCAL|
|C190|060|5929|0,00|216,02|0,00|0,00|0,00|0,00|0,00|0,00||
|C100|1|0|18644801000155|55|08|001|14533|42170612974834000187550010000145331000048362|02062017|02062017|927,10|2|0,00|0,00|927,10|9|0,00|0,00|0,00|0,00|0,00|0,00|0,00|0,00|||||
|C110|1|REFERENTE CUPOM FISCAL|
|C190|060|5929|0,00|927,10|0,00|0,00|0,00|0,00|0,00|0,00||
|C100|1|0|18720570000111|55|08|001|14534|42170612974834000187550010000145341000048378|02062017|02062017|100,05|2|0,00|0,00|100,05|9|0,00|0,00|0,00|0,00|0,00|0,00|0,00|0,00|||||
|C110|1|REFERENTE CUPOM FISCAL|
|C190|060|5929|0,00|100,05|0,00|0,00|0,00|0,00|0,00|0,00||
|C100|1|0|13781925000169|55|08|001|14535|42170612974834000187550010000145351000048383|02062017|02062017|397,10|2|0,00|0,00|397,10|9|0,00|0,00|0,00|0,00|0,00|0,00|0,00|0,00|||||
|C110|1|REFERENTE CUPOM FISCAL|
|C190|060|5929|0,00|397,10|0,00|0,00|0,00|0,00|0,00|0,00||
|C100|1|0|23141874000164|55|08|001|14536|42170612974834000187550010000145361000048399|02062017|02062017|1066,67|2|0,00|0,00|1066,67|9|0,00|0,00|0,00|0,00|0,00|0,00|0,00|0,00|||||
|C110|1|REFERENTE CUPOM FISCAL|
|C190|060|5929|0,00|1066,67|0,00|0,00|0,00|0,00|0,00|0,00||
|C100|1|0|88078209001271|55|08|001|14537|42170612974834000187550010000145371000048400|02062017|02062017|6229,12|2|0,00|0,00|6229,12|9|0,00|0,00|0,00|0,00|0,00|0,00|0,00|0,00|||||
|C110|1|REFERENTE CUPOM FISCAL|
|C190|060|5929|0,00|6229,12|0,00|0,00|0,00|0,00|0,00|0,00||
|C100|1|0|61288940000546|55|08|001|14538|42170612974834000187550010000145381000048415|02062017|02062017|1964,16|2|0,00|0,00|1964,16|9|0,00|0,00|0,00|0,00|0,00|0,00|0,00|0,00|||||
|C110|1|REFERENTE CUPOM FISCAL|
|C190|060|5929|0,00|1964,16|0,00|0,00|0,00|0,00|0,00|0,00||
|C100|1|0|52438082000154|55|08|001|14539|42170612974834000187550010000145391000048420|02062017|02062017|1398,02|2|0,00|0,00|1398,02|9|0,00|0,00|0,00|0,00|0,00|0,00|0,00|0,00|||||
|C110|1|REFERENTE CUPOM FISCAL|
|C190|060|6929|0,00|1398,02|0,00|0,00|0,00|0,00|0,00|0,00||
|C100|1|0|76642743000470|55|08|001|14540|42170612974834000187550010000145401000048430|02062017|02062017|965,05|2|0,00|0,00|965,05|9|0,00|0,00|0,00|0,00|0,00|0,00|0,00|0,00|||||
|C110|1|REFERENTE CUPOM FISCAL|
|C190|060|6929|0,00|965,05|0,00|0,00|0,00|0,00|0,00|0,00||
|C100|1|0|76642743001956|55|08|001|14541|42170612974834000187550010000145411000048445|02062017|02062017|3373,38|2|0,00|0,00|3373,38|9|0,00|0,00|0,00|0,00|0,00|0,00|0,00|0,00|||||
|C110|1|REFERENTE CUPOM FISCAL|
|C190|060|5929|0,00|3373,38|0,00|0,00|0,00|0,00|0,00|0,00||
|C100|1|0|86447562002732|55|08|001|14542|42170612974834000187550010000145421000048450|02062017|02062017|1280,00|2|0,00|0,00|1280,00|9|0,00|0,00|0,00|0,00|0,00|0,00|0,00|0,00|||||
|C110|1|REFERENTE CUPOM FISCAL|
|C190|060|5929|0,00|1280,00|0,00|0,00|0,00|0,00|0,00|0,00||
|C100|1|0|01179445000143|55|08|001|14543|42170612974834000187550010000145431000048466|02062017|02062017|500,00|2|0,00|0,00|500,00|9|0,00|0,00|0,00|0,00|0,00|0,00|0,00|0,00|||||
|C110|1|REFERENTE CUPOM FISCAL|
|C190|060|6929|0,00|500,00|0,00|0,00|0,00|0,00|0,00|0,00||
|C100|1|0|12898982000160|55|08|001|14544|42170612974834000187550010000145441000048471|02062017|02062017|500,02|2|0,00|0,00|500,02|9|0,00|0,00|0,00|0,00|0,00|0,00|0,00|0,00|||||
|C110|1|REFERENTE CUPOM FISCAL|
|C190|060|6929|0,00|500,02|0,00|0,00|0,00|0,00|0,00|0,00||
|C100|1|0|12898982000917|55|08|001|14545|42170612974834000187550010000145451000048487|02062017|02062017|1674,32|2|0,00|0,00|1674,32|9|0,00|0,00|0,00|0,00|0,00|0,00|0,00|0,00|||||
|C110|1|REFERENTE CUPOM FISCAL|
|C190|060|6929|0,00|1674,32|0,00|0,00|0,00|0,00|0,00|0,00||
|C100|1|0|12898982000160|55|08|001|14546|42170612974834000187550010000145461000048492|02062017|02062017|500,02|2|0,00|0,00|500,02|9|0,00|0,00|0,00|0,00|0,00|0,00|0,00|0,00|||||
|C110|1|REFERENTE CUPOM FISCAL|
|C190|060|6929|0,00|500,02|0,00|0,00|0,00|0,00|0,00|0,00||
|C100|1|0|57543795000444|55|08|001|14547|42170612974834000187550010000145471000048503|02062017|02062017|400,00|2|0,00|0,00|400,00|9|0,00|0,00|0,00|0,00|0,00|0,00|0,00|0,00|||||
|C110|1|REFERENTE CUPOM FISCAL|
|C190|060|5929|0,00|400,00|0,00|0,00|0,00|0,00|0,00|0,00||
|C100|1|0|67449018934|55|08|001|14548|42170612974834000187550010000145481000048519|02062017|02062017|290,00|2|0,00|0,00|290,00|9|0,00|0,00|0,00|290,00|49,30|0,00|0,00|0,00|||||
|C110|1|REFERENTE CUPOM FISCAL|
|C190|000|5929|17,00|290,00|290,00|49,30|0,00|0,00|0,00|0,00||
|C100|1|0|09721487000176|55|08|001|14549|42170612974834000187550010000145491000048524|02062017|02062017|2349,46|2|0,00|0,00|2349,46|9|0,00|0,00|0,00|0,00|0,00|0,00|0,00|0,00|||||
|C110|1|REFERENTE CUPOM FISCAL|
|C190|060|6929|0,00|2349,46|0,00|0,00|0,00|0,00|0,00|0,00||
|C100|1|0|11435333000160|55|08|001|14550|42170612974834000187550010000145501000048533|02062017|02062017|1982,28|2|0,00|0,00|1982,28|9|0,00|0,00|0,00|0,00|0,00|0,00|0,00|0,00|||||
|C110|1|REFERENTE CUPOM FISCAL|
|C190|060|6929|0,00|1982,28|0,00|0,00|0,00|0,00|0,00|0,00||
|C100|1|0|53611828000223|55|08|001|14551|42170612974834000187550010000145511000048549|02062017|02062017|1358,79|2|0,00|0,00|1358,79|9|0,00|0,00|0,00|0,00|0,00|0,00|0,00|0,00|||||
|C110|1|REFERENTE CUPOM FISCAL|
|C190|060|6929|0,00|1358,79|0,00|0,00|0,00|0,00|0,00|0,00||
|C100|1|0|75958926000193|55|08|001|14552|42170612974834000187550010000145521000048554|02062017|02062017|250,01|2|0,00|0,00|250,01|9|0,00|0,00|0,00|0,00|0,00|0,00|0,00|0,00|||||
|C110|1|REFERENTE CUPOM FISCAL|
|C190|060|6929|0,00|250,01|0,00|0,00|0,00|0,00|0,00|0,00||
|C100|1|0|25131828000100|55|08|001|14553|42170612974834000187550010000145531000048560|02062017|02062017|3484,56|2|0,00|0,00|3484,56|9|0,00|0,00|0,00|0,00|0,00|0,00|0,00|0,00|||||
|C110|1|REFERENTE CUPOM FISCAL|
|C190|060|5929|0,00|3484,56|0,00|0,00|0,00|0,00|0,00|0,00||
|C100|1|0|44914992000138|55|08|001|14554|42170612974834000187550010000145541000048575|02062017|02062017|34540,04|2|0,00|0,00|34540,04|9|0,00|0,00|0,00|0,00|0,00|0,00|0,00|0,00|||||
|C110|1|REFERENTE CUPOM FISCAL|
|C190|060|6929|0,00|34540,04|0,00|0,00|0,00|0,00|0,00|0,00||
|C100|1|0||55|02|001|14555|42170612974834000187550010000145551000048580|||||||||||||||||||||
|C100|1|0||55|02|001|14556|42170612974834000187550010000145561000048596|||||||||||||||||||||
|C100|1|0|07914631000165|55|08|001|14557|42170612974834000187550010000145571000048607|02062017|02062017|460,01|2|0,00|0,00|460,01|9|0,00|0,00|0,00|0,00|0,00|0,00|0,00|0,00|||||
|C110|1|REFERENTE CUPOM FISCAL|
|C190|060|6929|0,00|460,01|0,00|0,00|0,00|0,00|0,00|0,00||
|C100|1|0|00896780000108|55|08|001|14558|42170612974834000187550010000145581000048612|02062017|02062017|500,00|2|0,00|0,00|500,00|9|0,00|0,00|0,00|0,00|0,00|0,00|0,00|0,00|||||
|C110|1|REFERENTE CUPOM FISCAL|
|C190|060|6929|0,00|500,00|0,00|0,00|0,00|0,00|0,00|0,00||
|C100|1|0|57507378000365|55|08|001|14559|42170612974834000187550010000145591000048628|03062017|03062017|100,00|2|0,00|0,00|100,00|9|0,00|0,00|0,00|0,00|0,00|0,00|0,00|0,00|||||
|C110|1|REFERENTE CUPOM FISCAL|
|C190|060|6929|0,00|100,00|0,00|0,00|0,00|0,00|0,00|0,00||
|C100|1|0|32438772000104|55|08|001|14560|42170612974834000187550010000145601000048637|03062017|03062017|357,16|2|0,00|0,00|357,16|9|0,00|0,00|0,00|0,00|0,00|0,00|0,00|0,00|||||
|C110|1|REFERENTE CUPOM FISCAL|
|C190|060|6929|0,00|357,16|0,00|0,00|0,00|0,00|0,00|0,00||
|C100|1|0|56991441000823|55|08|001|14561|42170612974834000187550010000145611000048642|03062017|03062017|94,00|2|0,00|0,00|94,00|9|0,00|0,00|0,00|0,00|0,00|0,00|0,00|0,00|||||
|C110|1|REFERENTE CUPOM FISCAL|
|C190|060|6929|0,00|94,00|0,00|0,00|0,00|0,00|0,00|0,00||
|C100|1|0|00460859714|55|08|001|14562|42170612974834000187550010000145621000048658|05062017|05062017|573,00|2|0,00|0,00|573,00|9|0,00|0,00|0,00|0,00|0,00|0,00|0,00|0,00|||||
|C110|1|REFERENTE CUPOM FISCAL|
|C190|060|5929|0,00|573,00|0,00|0,00|0,00|0,00|0,00|0,00||
|C100|1|0|45286200001839|55|08|001|14563|42170612974834000187550010000145631000048663|05062017|05062017|55,03|2|0,00|0,00|55,03|9|0,00|0,00|0,00|0,00|0,00|0,00|0,00|0,00|||||
|C110|1|REFERENTE CUPOM FISCAL|
|C190|060|5929|0,00|55,03|0,00|0,00|0,00|0,00|0,00|0,00||
|C100|1|0|12483945000190|55|08|001|14564|42170612974834000187550010000145641000048679|05062017|05062017|1358,42|2|0,00|0,00|1358,42|9|0,00|0,00|0,00|5,00|0,86|0,00|0,00|0,00|||||
|C110|1|REFERENTE CUPOM FISCAL|
|C190|060|5929|0,00|1353,42|0,00|0,00|0,00|0,00|0,00|0,00||
|C190|000|5929|17,00|5,00|5,00|0,86|0,00|0,00|0,00|0,00||
|C100|1|0|81374845000149|55|08|001|14565|42170612974834000187550010000145651000048684|05062017|05062017|288,04|2|0,00|0,00|288,04|9|0,00|0,00|0,00|0,00|0,00|0,00|0,00|0,00|||||
|C110|1|REFERENTE CUPOM FISCAL|
|C190|060|5929|0,00|288,04|0,00|0,00|0,00|0,00|0,00|0,00||
|C100|1|0|12974834000187|55|08|001|14566|42170612974834000187550010000145661000048690|05062017|05062017|1058,07|2|0,00|0,00|1058,07|9|0,00|0,00|0,00|0,00|0,00|0,00|0,00|0,00|||||
|C110|1|REFERENTE CUPOM FISCAL|
|C190|060|5929|0,00|1058,07|0,00|0,00|0,00|0,00|0,00|0,00||
|C100|1|0|08876389000145|55|08|001|14567|42170612974834000187550010000145671000048700|05062017|05062017|281,00|2|0,00|0,00|281,00|9|0,00|0,00|0,00|0,00|0,00|0,00|0,00|0,00|||||
|C110|1|REFERENTE CUPOM FISCAL|
|C190|060|6929|0,00|281,00|0,00|0,00|0,00|0,00|0,00|0,00||
|C100|1|0|18644801000155|55|08|001|14568|42170612974834000187550010000145681000048716|05062017|05062017|1221,78|2|0,00|0,00|1221,78|9|0,00|0,00|0,00|0,00|0,00|0,00|0,00|0,00|||||
|C110|1|REFERENTE CUPOM FISCAL|
|C190|060|5929|0,00|1221,78|0,00|0,00|0,00|0,00|0,00|0,00||
|C100|1|0|18644801000155|55|08|001|14569|42170612974834000187550010000145691000048721|05062017|05062017|128,04|2|0,00|0,00|128,04|9|0,00|0,00|0,00|0,00|0,00|0,00|0,00|0,00|||||
|C110|1|REFERENTE CUPOM FISCAL|
|C190|060|5929|0,00|128,04|0,00|0,00|0,00|0,00|0,00|0,00||
|C100|1|0|07115999988|55|08|001|14570|42170612974834000187550010000145701000048730|05062017|05062017|50,00|2|0,00|0,00|50,00|9|0,00|0,00|0,00|0,00|0,00|0,00|0,00|0,00|||||
|C110|1|REFERENTE CUPOM FISCAL|
|C190|060|5929|0,00|50,00|0,00|0,00|0,00|0,00|0,00|0,00||
|C100|1|0|06938502000144|55|08|001|14571|42170612974834000187550010000145711000048746|05062017|05062017|1160,00|2|0,00|0,00|1160,00|9|0,00|0,00|0,00|0,00|0,00|0,00|0,00|0,00|||||
|C110|1|REFERENTE CUPOM FISCAL|
|C190|060|5929|0,00|1160,00|0,00|0,00|0,00|0,00|0,00|0,00||
|C100|1|0|13500677000130|55|08|001|14572|42170612974834000187550010000145721000048751|05062017|05062017|168,01|2|0,00|0,00|168,01|9|0,00|0,00|0,00|0,00|0,00|0,00|0,00|0,00|||||
|C110|1|REFERENTE CUPOM FISCAL|
|C190|060|5929|0,00|168,01|0,00|0,00|0,00|0,00|0,00|0,00||
|C100|1|0|10262765000153|55|08|001|14573|42170612974834000187550010000145731000048767|06062017|06062017|350,05|2|0,00|0,00|350,05|9|0,00|0,00|0,00|0,00|0,00|0,00|0,00|0,00|||||
|C110|1|REFERENTE CUPOM FISCAL|
|C190|060|5929|0,00|350,05|0,00|0,00|0,00|0,00|0,00|0,00||
|C100|1|0|12974834000187|55|08|001|14574|42170612974834000187550010000145741000048772|06062017|06062017|1211,01|2|0,00|0,00|1211,01|9|0,00|0,00|0,00|0,00|0,00|0,00|0,00|0,00|||||
|C110|1|REFERENTE CUPOM FISCAL|
|C190|060|5929|0,00|1211,01|0,00|0,00|0,00|0,00|0,00|0,00||
|C100|1|0|04205215000108|55|08|001|14575|42170612974834000187550010000145751000048788|06062017|06062017|280,00|2|0,00|0,00|280,00|9|0,00|0,00|0,00|0,00|0,00|0,00|0,00|0,00|||||
|C110|1|REFERENTE CUPOM FISCAL|
|C190|060|5929|0,00|280,00|0,00|0,00|0,00|0,00|0,00|0,00||
|C100|1|0|18644801000155|55|08|001|14576|42170612974834000187550010000145761000048793|06062017|06062017|740,74|2|0,00|0,00|740,74|9|0,00|0,00|0,00|0,00|0,00|0,00|0,00|0,00|||||
|C110|1|REFERENTE CUPOM FISCAL|
|C190|060|5929|0,00|740,74|0,00|0,00|0,00|0,00|0,00|0,00||
|C100|1|0|04461066000130|55|08|001|14577|42170612974834000187550010000145771000048804|06062017|06062017|612,01|2|0,00|0,00|612,01|9|0,00|0,00|0,00|0,00|0,00|0,00|0,00|0,00|||||
|C110|1|REFERENTE CUPOM FISCAL|
|C190|060|6929|0,00|612,01|0,00|0,00|0,00|0,00|0,00|0,00||
|C100|1|0|97367809000198|55|08|001|14578|42170612974834000187550010000145781000048810|06062017|06062017|135,00|2|0,00|0,00|135,00|9|0,00|0,00|0,00|0,00|0,00|0,00|0,00|0,00|||||
|C110|1|REFERENTE CUPOM FISCAL|
|C190|060|5929|0,00|135,00|0,00|0,00|0,00|0,00|0,00|0,00||
|C100|1|0|18644801000155|55|08|001|14579|42170612974834000187550010000145791000048825|06062017|06062017|1395,01|2|0,00|0,00|1395,01|9|0,00|0,00|0,00|0,00|0,00|0,00|0,00|0,00|||||
|C110|1|REFERENTE CUPOM FISCAL|
|C190|060|5929|0,00|1395,01|0,00|0,00|0,00|0,00|0,00|0,00||
|C100|1|0|18644801000155|55|08|001|14580|42170612974834000187550010000145801000048834|06062017|06062017|282,00|2|0,00|0,00|282,00|9|0,00|0,00|0,00|0,00|0,00|0,00|0,00|0,00|||||
|C110|1|REFERENTE CUPOM FISCAL|
|C190|060|5929|0,00|282,00|0,00|0,00|0,00|0,00|0,00|0,00||
|C100|1|0|17135227000147|55|08|001|14581|42170612974834000187550010000145811000048840|06062017|06062017|218,03|2|0,00|0,00|218,03|9|0,00|0,00|0,00|0,00|0,00|0,00|0,00|0,00|||||
|C110|1|REFERENTE CUPOM FISCAL|
|C190|060|5929|0,00|218,03|0,00|0,00|0,00|0,00|0,00|0,00||
|C100|1|0|49878735915|55|08|001|14582|42170612974834000187550010000145821000048855|06062017|06062017|486,57|2|0,00|0,00|486,57|9|0,00|0,00|0,00|0,00|0,00|0,00|0,00|0,00|||||
|C110|1|REFERENTE CUPOM FISCAL|
|C190|060|6929|0,00|486,57|0,00|0,00|0,00|0,00|0,00|0,00||
|C100|1|0|17842929000160|55|08|001|14583|42170612974834000187550010000145831000048860|07062017|07062017|294,61|2|0,00|0,00|294,61|9|0,00|0,00|0,00|0,00|0,00|0,00|0,00|0,00|||||
|C110|1|REFERENTE CUPOM FISCAL|
|C190|060|6929|0,00|294,61|0,00|0,00|0,00|0,00|0,00|0,00||
|C100|1|0|20603071000196|55|08|001|14584|42170612974834000187550010000145841000048876|07062017|07062017|504,01|2|0,00|0,00|504,01|9|0,00|0,00|0,00|0,00|0,00|0,00|0,00|0,00|||||
|C110|1|REFERENTE CUPOM FISCAL|
|C190|060|5929|0,00|504,01|0,00|0,00|0,00|0,00|0,00|0,00||
|C100|1|0|22520742000180|55|08|001|14585|42170612974834000187550010000145851000048881|07062017|07062017|146,02|2|0,00|0,00|146,02|9|0,00|0,00|0,00|0,00|0,00|0,00|0,00|0,00|||||
|C110|1|REFERENTE CUPOM FISCAL|
|C190|060|5929|0,00|146,02|0,00|0,00|0,00|0,00|0,00|0,00||
|C100|1|0|12974834000187|55|08|001|14586|42170612974834000187550010000145861000048897|07062017|07062017|873,59|2|0,00|0,00|873,59|9|0,00|0,00|0,00|0,00|0,00|0,00|0,00|0,00|||||
|C110|1|REFERENTE CUPOM FISCAL|
|C190|060|5929|0,00|873,59|0,00|0,00|0,00|0,00|0,00|0,00||
|C100|1|0|02594449954|55|08|001|14587|42170612974834000187550010000145871000048908|07062017|07062017|135,00|2|0,00|0,00|135,00|9|0,00|0,00|0,00|135,00|22,95|0,00|0,00|0,00|||||
|C110|1|REFERENTE CUPOM FISCAL|
|C190|000|5929|17,00|135,00|135,00|22,95|0,00|0,00|0,00|0,00||
|C100|1|0|00784410992|55|08|001|14588|42170612974834000187550010000145881000048913|07062017|07062017|552,00|2|0,00|0,00|552,00|9|0,00|0,00|0,00|552,00|93,84|0,00|0,00|0,00|||||
|C110|1|REFERENTE CUPOM FISCAL|
|C190|000|5929|17,00|552,00|552,00|93,84|0,00|0,00|0,00|0,00||
|C100|1|0|12791231000140|55|08|001|14589|42170612974834000187550010000145891000048929|07062017|07062017|1711,88|2|0,00|0,00|1711,88|9|0,00|0,00|0,00|0,00|0,00|0,00|0,00|0,00|||||
|C110|1|REFERENTE CUPOM FISCAL|
|C190|060|6929|0,00|1711,88|0,00|0,00|0,00|0,00|0,00|0,00||
|C100|1|0|78269917000183|55|08|001|14590|42170612974834000187550010000145901000048938|07062017|07062017|800,05|2|0,00|0,00|800,05|9|0,00|0,00|0,00|0,00|0,00|0,00|0,00|0,00|||||
|C110|1|REFERENTE CUPOM FISCAL|
|C190|060|5929|0,00|800,05|0,00|0,00|0,00|0,00|0,00|0,00||
|C100|1|0|04725386000150|55|08|001|14591|42170612974834000187550010000145911000048943|07062017|07062017|100,00|2|0,00|0,00|100,00|9|0,00|0,00|0,00|0,00|0,00|0,00|0,00|0,00|||||
|C110|1|REFERENTE CUPOM FISCAL|
|C190|060|6929|0,00|100,00|0,00|0,00|0,00|0,00|0,00|0,00||
|C100|1|0|07115999988|55|08|001|14592|42170612974834000187550010000145921000048959|08062017|08062017|40,00|2|0,00|0,00|40,00|9|0,00|0,00|0,00|0,00|0,00|0,00|0,00|0,00|||||
|C110|1|REFERENTE CUPOM FISCAL|
|C190|060|5929|0,00|40,00|0,00|0,00|0,00|0,00|0,00|0,00||
|C100|1|0|17135227000147|55|08|001|14593|42170612974834000187550010000145931000048964|08062017|08062017|250,02|2|0,00|0,00|250,02|9|0,00|0,00|0,00|0,00|0,00|0,00|0,00|0,00|||||
|C110|1|REFERENTE CUPOM FISCAL|
|C190|060|5929|0,00|250,02|0,00|0,00|0,00|0,00|0,00|0,00||
|C100|1|0|58861785972|55|08|001|14594|42170612974834000187550010000145941000048970|08062017|08062017|450,02|2|0,00|0,00|450,02|9|0,00|0,00|0,00|0,00|0,00|0,00|0,00|0,00|||||
|C110|1|REFERENTE CUPOM FISCAL|
|C190|060|5929|0,00|450,02|0,00|0,00|0,00|0,00|0,00|0,00||
|C100|1|0|97367809000198|55|08|001|14595|42170612974834000187550010000145951000048985|08062017|08062017|300,02|2|0,00|0,00|300,02|9|0,00|0,00|0,00|0,00|0,00|0,00|0,00|0,00|||||
|C110|1|REFERENTE CUPOM FISCAL|
|C190|060|5929|0,00|300,02|0,00|0,00|0,00|0,00|0,00|0,00||
|C100|1|0|09568756000106|55|08|001|14596|42170612974834000187550010000145961000048990|08062017|08062017|83,10|2|0,00|0,00|83,10|9|0,00|0,00|0,00|0,00|0,00|0,00|0,00|0,00|||||
|C110|1|REFERENTE CUPOM FISCAL|
|C190|060|5929|0,00|83,10|0,00|0,00|0,00|0,00|0,00|0,00||
|C100|1|0|12483945000190|55|08|001|14597|42170612974834000187550010000145971000049005|08062017|08062017|650,75|2|0,00|0,00|650,75|9|0,00|0,00|0,00|0,00|0,00|0,00|0,00|0,00|||||
|C110|1|REFERENTE CUPOM FISCAL|
|C190|060|5929|0,00|650,75|0,00|0,00|0,00|0,00|0,00|0,00||
|C100|1|0|18644801000155|55|08|001|14598|42170612974834000187550010000145981000049010|08062017|08062017|193,75|2|0,00|0,00|193,75|9|0,00|0,00|0,00|0,00|0,00|0,00|0,00|0,00|||||
|C110|1|REFERENTE CUPOM FISCAL|
|C190|060|5929|0,00|193,75|0,00|0,00|0,00|0,00|0,00|0,00||
|C100|1|0|18644801000155|55|08|001|14599|42170612974834000187550010000145991000049026|08062017|08062017|41,32|2|0,00|0,00|41,32|9|0,00|0,00|0,00|0,00|0,00|0,00|0,00|0,00|||||
|C110|1|REFERENTE CUPOM FISCAL|
|C190|060|5929|0,00|41,32|0,00|0,00|0,00|0,00|0,00|0,00||
|C100|1|0|82922212000190|55|08|001|14600|42170612974834000187550010000146001000049037|08062017|08062017|80,00|2|0,00|0,00|80,00|9|0,00|0,00|0,00|0,00|0,00|0,00|0,00|0,00|||||
|C110|1|REFERENTE CUPOM FISCAL|
|C190|060|5929|0,00|80,00|0,00|0,00|0,00|0,00|0,00|0,00||
|C100|1|0|24953190000120|55|08|001|14601|42170612974834000187550010000146011000049042|09062017|09062017|200,00|2|0,00|0,00|200,00|9|0,00|0,00|0,00|0,00|0,00|0,00|0,00|0,00|||||
|C110|1|REFERENTE CUPOM FISCAL|
|C190|060|6929|0,00|200,00|0,00|0,00|0,00|0,00|0,00|0,00||
|C100|1|0|17294266000197|55|08|001|14602|42170612974834000187550010000146021000049058|09062017|09062017|1499,97|2|0,00|0,00|1499,97|9|0,00|0,00|0,00|0,00|0,00|0,00|0,00|0,00|||||
|C110|1|REFERENTE CUPOM FISCAL|
|C190|060|5929|0,00|1499,97|0,00|0,00|0,00|0,00|0,00|0,00||
|C100|1|0|23141874000164|55|08|001|14603|42170612974834000187550010000146031000049063|09062017|09062017|1025,01|2|0,00|0,00|1025,01|9|0,00|0,00|0,00|0,00|0,00|0,00|0,00|0,00|||||
|C110|1|REFERENTE CUPOM FISCAL|
|C190|060|5929|0,00|1025,01|0,00|0,00|0,00|0,00|0,00|0,00||
|C100|1|0|18644801000155|55|08|001|14604|42170612974834000187550010000146041000049079|09062017|09062017|277,00|2|0,00|0,00|277,00|9|0,00|0,00|0,00|0,00|0,00|0,00|0,00|0,00|||||
|C110|1|REFERENTE CUPOM FISCAL|
|C190|060|5929|0,00|277,00|0,00|0,00|0,00|0,00|0,00|0,00||
|C100|1|0|18644801000155|55|08|001|14605|42170612974834000187550010000146051000049084|09062017|09062017|186,77|2|0,00|0,00|186,77|9|0,00|0,00|0,00|0,00|0,00|0,00|0,00|0,00|||||
|C110|1|REFERENTE CUPOM FISCAL|
|C190|060|5929|0,00|186,77|0,00|0,00|0,00|0,00|0,00|0,00||
|C100|1|0|04740452936|55|08|001|14606|42170612974834000187550010000146061000049090|09062017|09062017|290,00|2|0,00|0,00|290,00|9|0,00|0,00|0,00|290,00|49,30|0,00|0,00|0,00|||||
|C110|1|REFERENTE CUPOM FISCAL|
|C190|000|5929|17,00|290,00|290,00|49,30|0,00|0,00|0,00|0,00||
|C100|1|0|86375656000104|55|08|001|14607|42170612974834000187550010000146071000049100|09062017|09062017|151,79|2|0,00|0,00|151,79|9|0,00|0,00|0,00|0,00|0,00|0,00|0,00|0,00|||||
|C110|1|REFERENTE CUPOM FISCAL|
|C190|060|5929|0,00|151,79|0,00|0,00|0,00|0,00|0,00|0,00||
|C100|1|0|00191571000150|55|08|001|14608|42170612974834000187550010000146081000049116|10062017|10062017|300,00|2|0,00|0,00|300,00|9|0,00|0,00|0,00|0,00|0,00|0,00|0,00|0,00|||||
|C110|1|REFERENTE CUPOM FISCAL|
|C190|060|6929|0,00|300,00|0,00|0,00|0,00|0,00|0,00|0,00||
|C100|1|0|00460859714|55|08|001|14609|42170612974834000187550010000146091000049121|10062017|10062017|537,02|2|0,00|0,00|537,02|9|0,00|0,00|0,00|0,00|0,00|0,00|0,00|0,00|||||
|C110|1|REFERENTE CUPOM FISCAL|
|C190|060|5929|0,00|537,02|0,00|0,00|0,00|0,00|0,00|0,00||
|C100|1|0|00460859714|55|08|001|14610|42170612974834000187550010000146101000049130|10062017|10062017|479,00|2|0,00|0,00|479,00|9|0,00|0,00|0,00|0,00|0,00|0,00|0,00|0,00|||||
|C110|1|REFERENTE CUPOM FISCAL|
|C190|060|5929|0,00|479,00|0,00|0,00|0,00|0,00|0,00|0,00||
|C100|1|0|07505005000115|55|08|001|14611|42170612974834000187550010000146111000049146|10062017|10062017|222,18|2|0,00|0,00|222,18|9|0,00|0,00|0,00|0,00|0,00|0,00|0,00|0,00|||||
|C110|1|REFERENTE CUPOM FISCAL|
|C190|060|6929|0,00|222,18|0,00|0,00|0,00|0,00|0,00|0,00||
|C100|1|0|00460859714|55|08|001|14612|42170612974834000187550010000146121000049151|10062017|10062017|472,03|2|0,00|0,00|472,03|9|0,00|0,00|0,00|0,00|0,00|0,00|0,00|0,00|||||
|C110|1|REFERENTE CUPOM FISCAL|
|C190|060|5929|0,00|472,03|0,00|0,00|0,00|0,00|0,00|0,00||
|C100|1|0|13444199000199|55|08|001|14613|42170612974834000187550010000146131000049167|10062017|10062017|800,11|2|0,00|0,00|800,11|9|0,00|0,00|0,00|0,00|0,00|0,00|0,00|0,00|||||
|C110|1|REFERENTE CUPOM FISCAL|
|C190|060|6929|0,00|800,11|0,00|0,00|0,00|0,00|0,00|0,00||
|C100|1|0|00460859714|55|08|001|14614|42170612974834000187550010000146141000049172|10062017|10062017|561,04|2|0,00|0,00|561,04|9|0,00|0,00|0,00|0,00|0,00|0,00|0,00|0,00|||||
|C110|1|REFERENTE CUPOM FISCAL|
|C190|060|5929|0,00|561,04|0,00|0,00|0,00|0,00|0,00|0,00||
|C100|1|0|06938502000144|55|08|001|14615|42170612974834000187550010000146151000049188|11062017|11062017|1170,02|2|0,00|0,00|1170,02|9|0,00|0,00|0,00|0,00|0,00|0,00|0,00|0,00|||||
|C110|1|REFERENTE CUPOM FISCAL|
|C190|060|5929|0,00|1170,02|0,00|0,00|0,00|0,00|0,00|0,00||
|C100|1|0|07288161000171|55|08|001|14616|42170612974834000187550010000146161000049193|11062017|11062017|770,23|2|0,00|0,00|770,23|9|0,00|0,00|0,00|0,00|0,00|0,00|0,00|0,00|||||
|C110|1|REFERENTE CUPOM FISCAL|
|C190|060|6929|0,00|770,23|0,00|0,00|0,00|0,00|0,00|0,00||
|C100|1|0|09583308000181|55|08|001|14617|42170612974834000187550010000146171000049204|12062017|12062017|1456,96|2|0,00|0,00|1456,96|9|0,00|0,00|0,00|0,00|0,00|0,00|0,00|0,00|||||
|C110|1|REFERENTE CUPOM FISCAL|
|C190|060|5929|0,00|1456,96|0,00|0,00|0,00|0,00|0,00|0,00||
|C100|1|0|81374845000149|55|08|001|14618|42170612974834000187550010000146181000049210|12062017|12062017|247,26|2|0,00|0,00|247,26|9|0,00|0,00|0,00|0,00|0,00|0,00|0,00|0,00|||||
|C110|1|REFERENTE CUPOM FISCAL|
|C190|060|5929|0,00|247,26|0,00|0,00|0,00|0,00|0,00|0,00||
|C100|1|0|56151209087|55|08|001|14619|42170612974834000187550010000146191000049225|12062017|12062017|290,00|2|0,00|0,00|290,00|9|0,00|0,00|0,00|290,00|49,30|0,00|0,00|0,00|||||
|C110|1|REFERENTE CUPOM FISCAL|
|C190|000|5929|17,00|290,00|290,00|49,30|0,00|0,00|0,00|0,00||
|C100|1|0|02620036000101|55|08|001|14620|42170612974834000187550010000146201000049234|12062017|12062017|210,04|2|0,00|0,00|210,04|9|0,00|0,00|0,00|0,00|0,00|0,00|0,00|0,00|||||
|C110|1|REFERENTE CUPOM FISCAL|
|C190|060|5929|0,00|210,04|0,00|0,00|0,00|0,00|0,00|0,00||
|C100|1|0|23173352000144|55|08|001|14621|42170612974834000187550010000146211000049240|12062017|12062017|513,06|2|0,00|0,00|513,06|9|0,00|0,00|0,00|0,00|0,00|0,00|0,00|0,00|||||
|C110|1|REFERENTE CUPOM FISCAL|
|C190|060|5929|0,00|513,06|0,00|0,00|0,00|0,00|0,00|0,00||
|C100|1|0|11455792000105|55|08|001|14622|42170612974834000187550010000146221000049255|12062017|12062017|50,00|2|0,00|0,00|50,00|9|0,00|0,00|0,00|0,00|0,00|0,00|0,00|0,00|||||
|C110|1|REFERENTE CUPOM FISCAL|
|C190|060|5929|0,00|50,00|0,00|0,00|0,00|0,00|0,00|0,00||
|C100|1|0|15041613000144|55|08|001|14623|42170612974834000187550010000146231000049260|12062017|12062017|113,01|2|0,00|0,00|113,01|9|0,00|0,00|0,00|0,00|0,00|0,00|0,00|0,00|||||
|C110|1|REFERENTE CUPOM FISCAL|
|C190|060|5929|0,00|113,01|0,00|0,00|0,00|0,00|0,00|0,00||
|C100|1|0|82777236000101|55|08|001|14624|42170612974834000187550010000146241000049276|12062017|12062017|100,00|2|0,00|0,00|100,00|9|0,00|0,00|0,00|0,00|0,00|0,00|0,00|0,00|||||
|C110|1|REFERENTE CUPOM FISCAL|
|C190|060|5929|0,00|100,00|0,00|0,00|0,00|0,00|0,00|0,00||
|C100|1|0|81374845000149|55|08|001|14625|42170612974834000187550010000146251000049281|12062017|12062017|190,02|2|0,00|0,00|190,02|9|0,00|0,00|0,00|0,00|0,00|0,00|0,00|0,00|||||
|C110|1|REFERENTE CUPOM FISCAL|
|C190|060|5929|0,00|190,02|0,00|0,00|0,00|0,00|0,00|0,00||
|C100|1|0|95852216000191|55|08|001|14626|42170612974834000187550010000146261000049297|12062017|12062017|750,04|2|0,00|0,00|750,04|9|0,00|0,00|0,00|0,00|0,00|0,00|0,00|0,00|||||
|C110|1|REFERENTE CUPOM FISCAL|
|C190|060|5929|0,00|750,04|0,00|0,00|0,00|0,00|0,00|0,00||
|C100|1|0|02776210973|55|08|001|14627|42170612974834000187550010000146271000049308|12062017|12062017|552,00|2|0,00|0,00|552,00|9|0,00|0,00|0,00|552,00|93,84|0,00|0,00|0,00|||||
|C110|1|REFERENTE CUPOM FISCAL|
|C190|000|5929|17,00|552,00|552,00|93,84|0,00|0,00|0,00|0,00||
|C100|1|0|27602274000107|55|08|001|14628|42170612974834000187550010000146281000049313|13062017|13062017|247,50|2|0,00|0,00|247,50|9|0,00|0,00|0,00|0,00|0,00|0,00|0,00|0,00|||||
|C110|1|REFERENTE CUPOM FISCAL|
|C190|060|5929|0,00|247,50|0,00|0,00|0,00|0,00|0,00|0,00||
|C100|1|0|17135227000147|55|08|001|14629|42170612974834000187550010000146291000049329|13062017|13062017|50,01|2|0,00|0,00|50,01|9|0,00|0,00|0,00|0,00|0,00|0,00|0,00|0,00|||||
|C110|1|REFERENTE CUPOM FISCAL|
|C190|060|5929|0,00|50,01|0,00|0,00|0,00|0,00|0,00|0,00||
|C100|1|0|12974834000187|55|08|001|14630|42170612974834000187550010000146301000049338|13062017|13062017|1216,91|2|0,00|0,00|1216,91|9|0,00|0,00|0,00|0,00|0,00|0,00|0,00|0,00|||||
|C110|1|REFERENTE CUPOM FISCAL|
|C190|060|5929|0,00|1216,91|0,00|0,00|0,00|0,00|0,00|0,00||
|C100|1|0|23153475000113|55|08|001|14631|42170612974834000187550010000146311000049343|13062017|13062017|764,70|2|0,00|0,00|764,70|9|0,00|0,00|0,00|0,00|0,00|0,00|0,00|0,00|||||
|C110|1|REFERENTE CUPOM FISCAL|
|C190|060|6929|0,00|764,70|0,00|0,00|0,00|0,00|0,00|0,00||
|C100|1|0|12974834000187|55|08|001|14632|42170612974834000187550010000146321000049359|13062017|13062017|964,06|2|0,00|0,00|964,06|9|0,00|0,00|0,00|0,00|0,00|0,00|0,00|0,00|||||
|C110|1|REFERENTE CUPOM FISCAL|
|C190|060|5929|0,00|964,06|0,00|0,00|0,00|0,00|0,00|0,00||
|C100|1|0|17135227000147|55|08|001|14633|42170612974834000187550010000146331000049364|13062017|13062017|240,03|2|0,00|0,00|240,03|9|0,00|0,00|0,00|0,00|0,00|0,00|0,00|0,00|||||
|C110|1|REFERENTE CUPOM FISCAL|
|C190|060|5929|0,00|240,03|0,00|0,00|0,00|0,00|0,00|0,00||
|C100|1|0|12974834000187|55|08|001|14634|42170612974834000187550010000146341000049370|13062017|13062017|1150,99|2|0,00|0,00|1150,99|9|0,00|0,00|0,00|0,00|0,00|0,00|0,00|0,00|||||
|C110|1|REFERENTE CUPOM FISCAL|
|C190|060|5929|0,00|1150,99|0,00|0,00|0,00|0,00|0,00|0,00||
|C100|1|0|00793334000160|55|08|001|14635|42170612974834000187550010000146351000049385|13062017|13062017|331,04|2|0,00|0,00|331,04|9|0,00|0,00|0,00|0,00|0,00|0,00|0,00|0,00|||||
|C110|1|REFERENTE CUPOM FISCAL|
|C190|060|6929|0,00|331,04|0,00|0,00|0,00|0,00|0,00|0,00||
|C100|1|0|70788510991|55|08|001|14636|42170612974834000187550010000146361000049390|13062017|13062017|137,01|2|0,00|0,00|137,01|9|0,00|0,00|0,00|0,00|0,00|0,00|0,00|0,00|||||
|C110|1|REFERENTE CUPOM FISCAL|
|C190|060|5929|0,00|137,01|0,00|0,00|0,00|0,00|0,00|0,00||
|C100|1|0|21333020000154|55|08|001|14637|42170612974834000187550010000146371000049401|13062017|13062017|1428,42|2|0,00|0,00|1428,42|9|0,00|0,00|0,00|0,00|0,00|0,00|0,00|0,00|||||
|C110|1|REFERENTE CUPOM FISCAL|
|C190|060|6929|0,00|1428,42|0,00|0,00|0,00|0,00|0,00|0,00||
|C100|1|0|86145568968|55|08|001|14638|42170612974834000187550010000146381000049417|13062017|13062017|290,00|2|0,00|0,00|290,00|9|0,00|0,00|0,00|290,00|49,30|0,00|0,00|0,00|||||
|C110|1|REFERENTE CUPOM FISCAL|
|C190|000|5929|17,00|290,00|290,00|49,30|0,00|0,00|0,00|0,00||
|C100|1|0|13540330000111|55|08|001|14639|42170612974834000187550010000146391000049422|13062017|13062017|164,00|2|0,00|0,00|164,00|9|0,00|0,00|0,00|0,00|0,00|0,00|0,00|0,00|||||
|C110|1|REFERENTE CUPOM FISCAL|
|C190|060|5929|0,00|164,00|0,00|0,00|0,00|0,00|0,00|0,00||
|C100|1|0|16383685000132|55|08|001|14640|42170612974834000187550010000146401000049431|14062017|14062017|385,02|2|0,00|0,00|385,02|9|0,00|0,00|0,00|0,00|0,00|0,00|0,00|0,00|||||
|C110|1|REFERENTE CUPOM FISCAL|
|C190|060|6929|0,00|385,02|0,00|0,00|0,00|0,00|0,00|0,00||
|C100|1|0|01372537000145|55|08|001|14641|42170612974834000187550010000146411000049447|14062017|14062017|200,00|2|0,00|0,00|200,00|9|0,00|0,00|0,00|0,00|0,00|0,00|0,00|0,00|||||
|C110|1|REFERENTE CUPOM FISCAL|
|C190|060|5929|0,00|200,00|0,00|0,00|0,00|0,00|0,00|0,00||
|C100|1|0|81374845000149|55|08|001|14642|42170612974834000187550010000146421000049452|14062017|14062017|307,54|2|0,00|0,00|307,54|9|0,00|0,00|0,00|0,00|0,00|0,00|0,00|0,00|||||
|C110|1|REFERENTE CUPOM FISCAL|
|C190|060|5929|0,00|307,54|0,00|0,00|0,00|0,00|0,00|0,00||
|C100|1|0|17135227000147|55|08|001|14643|42170612974834000187550010000146431000049468|14062017|14062017|137,33|2|0,00|0,00|137,33|9|0,00|0,00|0,00|0,00|0,00|0,00|0,00|0,00|||||
|C110|1|REFERENTE CUPOM FISCAL|
|C190|060|5929|0,00|137,33|0,00|0,00|0,00|0,00|0,00|0,00||
|C100|1|0|05636761910|55|08|001|14644|42170612974834000187550010000146441000049473|14062017|14062017|250,00|2|0,00|0,00|250,00|9|0,00|0,00|0,00|250,00|42,50|0,00|0,00|0,00|||||
|C110|1|REFERENTE CUPOM FISCAL|
|C190|000|5929|17,00|250,00|250,00|42,50|0,00|0,00|0,00|0,00||
|C100|1|0|17428731008110|55|08|001|14645|42170612974834000187550010000146451000049489|14062017|14062017|114,44|2|0,00|0,00|114,44|9|0,00|0,00|0,00|0,00|0,00|0,00|0,00|0,00|||||
|C110|1|REFERENTE CUPOM FISCAL|
|C190|060|6929|0,00|114,44|0,00|0,00|0,00|0,00|0,00|0,00||
|C100|1|0|17428731008543|55|08|001|14646|42170612974834000187550010000146461000049494|14062017|14062017|273,04|2|0,00|0,00|273,04|9|0,00|0,00|0,00|0,00|0,00|0,00|0,00|0,00|||||
|C110|1|REFERENTE CUPOM FISCAL|
|C190|060|6929|0,00|273,04|0,00|0,00|0,00|0,00|0,00|0,00||
|C100|1|0|11455792000105|55|08|001|14647|42170612974834000187550010000146471000049505|14062017|14062017|80,00|2|0,00|0,00|80,00|9|0,00|0,00|0,00|0,00|0,00|0,00|0,00|0,00|||||
|C110|1|REFERENTE CUPOM FISCAL|
|C190|060|5929|0,00|80,00|0,00|0,00|0,00|0,00|0,00|0,00||
|C100|1|0|08844101000150|55|08|001|14648|42170612974834000187550010000146481000049510|14062017|14062017|150,00|2|0,00|0,00|150,00|9|0,00|0,00|0,00|0,00|0,00|0,00|0,00|0,00|||||
|C110|1|REFERENTE CUPOM FISCAL|
|C190|060|6929|0,00|150,00|0,00|0,00|0,00|0,00|0,00|0,00||
|C100|1|0|00460859714|55|08|001|14649|42170612974834000187550010000146491000049526|14062017|14062017|550,02|2|0,00|0,00|550,02|9|0,00|0,00|0,00|0,00|0,00|0,00|0,00|0,00|||||
|C110|1|REFERENTE CUPOM FISCAL|
|C190|060|5929|0,00|550,02|0,00|0,00|0,00|0,00|0,00|0,00||
|C100|1|0|49878735915|55|08|001|14650|42170612974834000187550010000146501000049535|15062017|15062017|450,00|2|0,00|0,00|450,00|9|0,00|0,00|0,00|0,00|0,00|0,00|0,00|0,00|||||
|C110|1|REFERENTE CUPOM FISCAL|
|C190|060|6929|0,00|450,00|0,00|0,00|0,00|0,00|0,00|0,00||
|C100|1|0|12483945000190|55|08|001|14651|42170612974834000187550010000146511000049540|15062017|15062017|351,56|2|0,00|0,00|351,56|9|0,00|0,00|0,00|7,50|1,29|0,00|0,00|0,00|||||
|C110|1|REFERENTE CUPOM FISCAL|
|C190|060|5929|0,00|344,06|0,00|0,00|0,00|0,00|0,00|0,00||
|C190|000|5929|17,00|7,50|7,50|1,29|0,00|0,00|0,00|0,00||
|C100|1|0|01687709000170|55|08|001|14652|42170612974834000187550010000146521000049556|15062017|15062017|390,00|2|0,00|0,00|390,00|9|0,00|0,00|0,00|0,00|0,00|0,00|0,00|0,00|||||
|C110|1|REFERENTE CUPOM FISCAL|
|C190|060|6929|0,00|390,00|0,00|0,00|0,00|0,00|0,00|0,00||
|C100|1|0|75534974000154|55|08|001|14654|42170612974834000187550010000146541000049577|15062017|15062017|86,02|2|0,00|0,00|86,02|9|0,00|0,00|0,00|0,00|0,00|0,00|0,00|0,00|||||
|C110|1|REFERENTE CUPOM FISCAL|
|C190|060|5929|0,00|86,02|0,00|0,00|0,00|0,00|0,00|0,00||
|C100|1|0|86048063000133|55|08|001|14655|42170612974834000187550010000146551000049582|16062017|16062017|647,29|2|0,00|0,00|647,29|9|0,00|0,00|0,00|0,00|0,00|0,00|0,00|0,00|||||
|C110|1|REFERENTE CUPOM FISCAL|
|C190|060|5929|0,00|647,29|0,00|0,00|0,00|0,00|0,00|0,00||
|C100|1|0|81374845000149|55|08|001|14656|42170612974834000187550010000146561000049598|16062017|16062017|183,01|2|0,00|0,00|183,01|9|0,00|0,00|0,00|0,00|0,00|0,00|0,00|0,00|||||
|C110|1|REFERENTE CUPOM FISCAL|
|C190|060|5929|0,00|183,01|0,00|0,00|0,00|0,00|0,00|0,00||
|C100|1|0|79894812000188|55|08|001|14657|42170612974834000187550010000146571000049609|16062017|16062017|280,03|2|0,00|0,00|280,03|9|0,00|0,00|0,00|0,00|0,00|0,00|0,00|0,00|||||
|C110|1|REFERENTE CUPOM FISCAL|
|C190|060|5929|0,00|280,03|0,00|0,00|0,00|0,00|0,00|0,00||
|C100|1|0|02620036000101|55|08|001|14658|42170612974834000187550010000146581000049614|16062017|16062017|187,04|2|0,00|0,00|187,04|9|0,00|0,00|0,00|0,00|0,00|0,00|0,00|0,00|||||
|C110|1|REFERENTE CUPOM FISCAL|
|C190|060|5929|0,00|187,04|0,00|0,00|0,00|0,00|0,00|0,00||
|C100|1|0|12483945000190|55|08|001|14659|42170612974834000187550010000146591000049620|16062017|16062017|277,84|2|0,00|0,00|277,84|9|0,00|0,00|0,00|10,00|1,72|0,00|0,00|0,00|||||
|C110|1|REFERENTE CUPOM FISCAL|
|C190|060|5929|0,00|267,84|0,00|0,00|0,00|0,00|0,00|0,00||
|C190|000|5929|17,00|10,00|10,00|1,72|0,00|0,00|0,00|0,00||
|C100|1|0|02313825000191|55|08|001|14660|42170612974834000187550010000146601000049639|16062017|16062017|1571,00|2|0,00|0,00|1571,00|9|0,00|0,00|0,00|0,00|0,00|0,00|0,00|0,00|||||
|C110|1|REFERENTE CUPOM FISCAL|
|C190|060|6929|0,00|1571,00|0,00|0,00|0,00|0,00|0,00|0,00||
|C100|1|0|32438772000104|55|08|001|14661|42170612974834000187550010000146611000049644|16062017|16062017|174,00|2|0,00|0,00|174,00|9|0,00|0,00|0,00|0,00|0,00|0,00|0,00|0,00|||||
|C110|1|REFERENTE CUPOM FISCAL|
|C190|060|6929|0,00|174,00|0,00|0,00|0,00|0,00|0,00|0,00||
|C100|1|0|44914992000138|55|08|001|14662|42170612974834000187550010000146621000049650|16062017|16062017|45087,88|2|0,00|0,00|45087,88|9|0,00|0,00|0,00|0,00|0,00|0,00|0,00|0,00|||||
|C110|1|REFERENTE CUPOM FISCAL|
|C190|060|6929|0,00|45087,88|0,00|0,00|0,00|0,00|0,00|0,00||
|C100|1|0|12481521000197|55|08|001|14663|42170612974834000187550010000146631000049665|16062017|16062017|947,16|2|0,00|0,00|947,16|9|0,00|0,00|0,00|0,00|0,00|0,00|0,00|0,00|||||
|C110|1|REFERENTE CUPOM FISCAL|
|C190|060|6929|0,00|947,16|0,00|0,00|0,00|0,00|0,00|0,00||
|C100|1|0|23141874000164|55|08|001|14664|42170612974834000187550010000146641000049670|16062017|16062017|957,53|2|0,00|0,00|957,53|9|0,00|0,00|0,00|0,00|0,00|0,00|0,00|0,00|||||
|C110|1|REFERENTE CUPOM FISCAL|
|C190|060|5929|0,00|957,53|0,00|0,00|0,00|0,00|0,00|0,00||
|C100|1|0|08876389000145|55|08|001|14665|42170612974834000187550010000146651000049686|16062017|16062017|181,80|2|0,00|0,00|181,80|9|0,00|0,00|0,00|0,00|0,00|0,00|0,00|0,00|||||
|C110|1|REFERENTE CUPOM FISCAL|
|C190|060|6929|0,00|181,80|0,00|0,00|0,00|0,00|0,00|0,00||
|C100|1|0|09568756000106|55|08|001|14666|42170612974834000187550010000146661000049691|16062017|16062017|195,02|2|0,00|0,00|195,02|9|0,00|0,00|0,00|0,00|0,00|0,00|0,00|0,00|||||
|C110|1|REFERENTE CUPOM FISCAL|
|C190|060|5929|0,00|195,02|0,00|0,00|0,00|0,00|0,00|0,00||
|C100|1|0|06938502000144|55|08|001|14667|42170612974834000187550010000146671000049702|17062017|17062017|1084,01|2|0,00|0,00|1084,01|9|0,00|0,00|0,00|0,00|0,00|0,00|0,00|0,00|||||
|C110|1|REFERENTE CUPOM FISCAL|
|C190|060|5929|0,00|1084,01|0,00|0,00|0,00|0,00|0,00|0,00||
|C100|1|0|05813306000180|55|08|001|14668|42170612974834000187550010000146681000049718|17062017|17062017|382,35|2|0,00|0,00|382,35|9|0,00|0,00|0,00|0,00|0,00|0,00|0,00|0,00|||||
|C110|1|REFERENTE CUPOM FISCAL|
|C190|060|5929|0,00|382,35|0,00|0,00|0,00|0,00|0,00|0,00||
|C100|1|0|12974834000187|55|08|001|14669|42170612974834000187550010000146691000049723|17062017|17062017|1398,17|2|0,00|0,00|1398,17|9|0,00|0,00|0,00|0,00|0,00|0,00|0,00|0,00|||||
|C110|1|REFERENTE CUPOM FISCAL|
|C190|060|5929|0,00|1398,17|0,00|0,00|0,00|0,00|0,00|0,00||
|C100|1|0|09067274000172|55|08|001|14670|42170612974834000187550010000146701000049732|17062017|17062017|247,71|2|0,00|0,00|247,71|9|0,00|0,00|0,00|0,00|0,00|0,00|0,00|0,00|||||
|C110|1|REFERENTE CUPOM FISCAL|
|C190|060|6929|0,00|247,71|0,00|0,00|0,00|0,00|0,00|0,00||
|C100|1|0|07539346000101|55|08|001|14671|42170612974834000187550010000146711000049748|18062017|18062017|809,70|2|0,00|0,00|809,70|9|0,00|0,00|0,00|0,00|0,00|0,00|0,00|0,00|||||
|C110|1|REFERENTE CUPOM FISCAL|
|C190|060|5929|0,00|809,70|0,00|0,00|0,00|0,00|0,00|0,00||
|C100|1|0|81374845000149|55|08|001|14672|42170612974834000187550010000146721000049753|19062017|19062017|296,57|2|0,00|0,00|296,57|9|0,00|0,00|0,00|0,00|0,00|0,00|0,00|0,00|||||
|C110|1|REFERENTE CUPOM FISCAL|
|C190|060|5929|0,00|296,57|0,00|0,00|0,00|0,00|0,00|0,00||
|C100|1|0|02375219000109|55|08|001|14673|42170612974834000187550010000146731000049769|19062017|19062017|215,49|2|0,00|0,00|215,49|9|0,00|0,00|0,00|0,00|0,00|0,00|0,00|0,00|||||
|C110|1|REFERENTE CUPOM FISCAL|
|C190|060|5929|0,00|215,49|0,00|0,00|0,00|0,00|0,00|0,00||
|C100|1|0|12974834000187|55|08|001|14674|42170612974834000187550010000146741000049774|19062017|19062017|1167,45|2|0,00|0,00|1167,45|9|0,00|0,00|0,00|0,00|0,00|0,00|0,00|0,00|||||
|C110|1|REFERENTE CUPOM FISCAL|
|C190|060|5929|0,00|1167,45|0,00|0,00|0,00|0,00|0,00|0,00||
|C100|1|0|45286200001839|55|08|001|14675|42170612974834000187550010000146751000049780|19062017|19062017|54,01|2|0,00|0,00|54,01|9|0,00|0,00|0,00|0,00|0,00|0,00|0,00|0,00|||||
|C110|1|REFERENTE CUPOM FISCAL|
|C190|060|5929|0,00|54,01|0,00|0,00|0,00|0,00|0,00|0,00||
|C100|1|0|12974834000187|55|08|001|14676|42170612974834000187550010000146761000049795|19062017|19062017|1170,00|2|0,00|0,00|1170,00|9|0,00|0,00|0,00|0,00|0,00|0,00|0,00|0,00|||||
|C110|1|REFERENTE CUPOM FISCAL|
|C190|060|5929|0,00|1170,00|0,00|0,00|0,00|0,00|0,00|0,00||
|C100|1|0|18644801000155|55|08|001|14677|42170612974834000187550010000146771000049806|19062017|19062017|1619,40|2|0,00|0,00|1619,40|9|0,00|0,00|0,00|0,00|0,00|0,00|0,00|0,00|||||
|C110|1|REFERENTE CUPOM FISCAL|
|C190|060|5929|0,00|1619,40|0,00|0,00|0,00|0,00|0,00|0,00||
|C100|1|0|18644801000155|55|08|001|14678|42170612974834000187550010000146781000049811|19062017|19062017|230,00|2|0,00|0,00|230,00|9|0,00|0,00|0,00|0,00|0,00|0,00|0,00|0,00|||||
|C110|1|REFERENTE CUPOM FISCAL|
|C190|060|5929|0,00|230,00|0,00|0,00|0,00|0,00|0,00|0,00||
|C100|1|0|04461066000130|55|08|001|14679|42170612974834000187550010000146791000049827|19062017|19062017|870,02|2|0,00|0,00|870,02|9|0,00|0,00|0,00|0,00|0,00|0,00|0,00|0,00|||||
|C110|1|REFERENTE CUPOM FISCAL|
|C190|060|6929|0,00|870,02|0,00|0,00|0,00|0,00|0,00|0,00||
|C100|1|0|81374845000149|55|08|001|14680|42170612974834000187550010000146801000049836|20062017|20062017|160,04|2|0,00|0,00|160,04|9|0,00|0,00|0,00|0,00|0,00|0,00|0,00|0,00|||||
|C110|1|REFERENTE CUPOM FISCAL|
|C190|060|5929|0,00|160,04|0,00|0,00|0,00|0,00|0,00|0,00||
|C100|1|0|23173352000144|55|08|001|14681|42170612974834000187550010000146811000049841|20062017|20062017|560,02|2|0,00|0,00|560,02|9|0,00|0,00|0,00|0,00|0,00|0,00|0,00|0,00|||||
|C110|1|REFERENTE CUPOM FISCAL|
|C190|060|5929|0,00|560,02|0,00|0,00|0,00|0,00|0,00|0,00||
|C100|1|0|05653214000180|55|08|001|14682|42170612974834000187550010000146821000049857|20062017|20062017|163,02|2|0,00|0,00|163,02|9|0,00|0,00|0,00|0,00|0,00|0,00|0,00|0,00|||||
|C110|1|REFERENTE CUPOM FISCAL|
|C190|060|5929|0,00|163,02|0,00|0,00|0,00|0,00|0,00|0,00||
|C100|1|0|02591957000185|55|08|001|14683|42170612974834000187550010000146831000049862|20062017|20062017|300,01|2|0,00|0,00|300,01|9|0,00|0,00|0,00|0,00|0,00|0,00|0,00|0,00|||||
|C110|1|REFERENTE CUPOM FISCAL|
|C190|060|5929|0,00|300,01|0,00|0,00|0,00|0,00|0,00|0,00||
|C100|1|0|04205215000108|55|08|001|14684|42170612974834000187550010000146841000049878|20062017|20062017|213,09|2|0,00|0,00|213,09|9|0,00|0,00|0,00|0,00|0,00|0,00|0,00|0,00|||||
|C110|1|REFERENTE CUPOM FISCAL|
|C190|060|5929|0,00|213,09|0,00|0,00|0,00|0,00|0,00|0,00||
|C100|1|0|12974834000187|55|08|001|14685|42170612974834000187550010000146851000049883|20062017|20062017|146,02|2|0,00|0,00|146,02|9|0,00|0,00|0,00|0,00|0,00|0,00|0,00|0,00|||||
|C110|1|REFERENTE CUPOM FISCAL|
|C190|060|5929|0,00|146,02|0,00|0,00|0,00|0,00|0,00|0,00||
|C100|1|0||55|02|001|14686|42170612974834000187550010000146861000049899|||||||||||||||||||||
|C100|1|0|95852216000191|55|08|001|14687|42170612974834000187550010000146871000049900|20062017|20062017|682,09|2|0,00|0,00|682,09|9|0,00|0,00|0,00|0,00|0,00|0,00|0,00|0,00|||||
|C110|1|REFERENTE CUPOM FISCAL|
|C190|060|5929|0,00|682,09|0,00|0,00|0,00|0,00|0,00|0,00||
|C100|1|0|13540330000111|55|08|001|14688|42170612974834000187550010000146881000049915|20062017|20062017|50,00|2|0,00|0,00|50,00|9|0,00|0,00|0,00|0,00|0,00|0,00|0,00|0,00|||||
|C110|1|REFERENTE CUPOM FISCAL|
|C190|060|5929|0,00|50,00|0,00|0,00|0,00|0,00|0,00|0,00||
|C100|1|0|81374845000149|55|08|001|14689|42170612974834000187550010000146891000049920|21062017|21062017|376,51|2|0,00|0,00|376,51|9|0,00|0,00|0,00|0,00|0,00|0,00|0,00|0,00|||||
|C110|1|REFERENTE CUPOM FISCAL|
|C190|060|5929|0,00|376,51|0,00|0,00|0,00|0,00|0,00|0,00||
|C100|1|0|81374845000149|55|08|001|14690|42170612974834000187550010000146901000049930|21062017|21062017|102,04|2|0,00|0,00|102,04|9|0,00|0,00|0,00|0,00|0,00|0,00|0,00|0,00|||||
|C110|1|REFERENTE CUPOM FISCAL|
|C190|060|5929|0,00|102,04|0,00|0,00|0,00|0,00|0,00|0,00||
|C100|1|0|00191571000150|55|08|001|14691|42170612974834000187550010000146911000049945|21062017|21062017|300,00|2|0,00|0,00|300,00|9|0,00|0,00|0,00|0,00|0,00|0,00|0,00|0,00|||||
|C110|1|REFERENTE CUPOM FISCAL|
|C190|060|6929|0,00|300,00|0,00|0,00|0,00|0,00|0,00|0,00||
|C100|1|0|02620036000101|55|08|001|14692|42170612974834000187550010000146921000049950|21062017|21062017|180,21|2|0,00|0,00|180,21|9|0,00|0,00|0,00|0,00|0,00|0,00|0,00|0,00|||||
|C110|1|REFERENTE CUPOM FISCAL|
|C190|060|5929|0,00|180,21|0,00|0,00|0,00|0,00|0,00|0,00||
|C100|1|0|18644801000155|55|08|001|14693|42170612974834000187550010000146931000049966|21062017|21062017|1191,01|2|0,00|0,00|1191,01|9|0,00|0,00|0,00|0,00|0,00|0,00|0,00|0,00|||||
|C110|1|REFERENTE CUPOM FISCAL|
|C190|060|5929|0,00|1191,01|0,00|0,00|0,00|0,00|0,00|0,00||
|C100|1|0|18644801000155|55|08|001|14694|42170612974834000187550010000146941000049971|21062017|21062017|37,85|2|0,00|0,00|37,85|9|0,00|0,00|0,00|0,00|0,00|0,00|0,00|0,00|||||
|C110|1|REFERENTE CUPOM FISCAL|
|C190|060|5929|0,00|37,85|0,00|0,00|0,00|0,00|0,00|0,00||
|C100|1|0|17268864000191|55|08|001|14695|42170612974834000187550010000146951000049987|21062017|21062017|310,71|2|0,00|0,00|310,71|9|0,00|0,00|0,00|0,00|0,00|0,00|0,00|0,00|||||
|C110|1|REFERENTE CUPOM FISCAL|
|C190|060|5929|0,00|310,71|0,00|0,00|0,00|0,00|0,00|0,00||
|C100|1|0|12483945000190|55|08|001|14696|42170612974834000187550010000146961000049992|21062017|21062017|1500,05|2|0,00|0,00|1500,05|9|0,00|0,00|0,00|12,50|2,15|0,00|0,00|0,00|||||
|C110|1|REFERENTE CUPOM FISCAL|
|C190|060|5929|0,00|1487,55|0,00|0,00|0,00|0,00|0,00|0,00||
|C190|000|5929|17,00|12,50|12,50|2,15|0,00|0,00|0,00|0,00||
|C100|1|0|12974834000187|55|08|001|14697|42170612974834000187550010000146971000050009|21062017|21062017|1328,44|2|0,00|0,00|1328,44|9|0,00|0,00|0,00|0,00|0,00|0,00|0,00|0,00|||||
|C110|1|REFERENTE CUPOM FISCAL|
|C190|060|5929|0,00|1328,44|0,00|0,00|0,00|0,00|0,00|0,00||
|C100|1|0|82922212000190|55|08|001|14698|42170612974834000187550010000146981000050014|21062017|21062017|160,00|2|0,00|0,00|160,00|9|0,00|0,00|0,00|0,00|0,00|0,00|0,00|0,00|||||
|C110|1|REFERENTE CUPOM FISCAL|
|C190|060|5929|0,00|160,00|0,00|0,00|0,00|0,00|0,00|0,00||
|C100|1|0|07475623000160|55|08|001|14699|42170612974834000187550010000146991000050020|21062017|21062017|140,01|2|0,00|0,00|140,01|9|0,00|0,00|0,00|0,00|0,00|0,00|0,00|0,00|||||
|C110|1|REFERENTE CUPOM FISCAL|
|C190|060|5929|0,00|140,01|0,00|0,00|0,00|0,00|0,00|0,00||
|C100|1|0|86375656000104|55|08|001|14700|42170612974834000187550010000147001000050030|21062017|21062017|147,04|2|0,00|0,00|147,04|9|0,00|0,00|0,00|0,00|0,00|0,00|0,00|0,00|||||
|C110|1|REFERENTE CUPOM FISCAL|
|C190|060|5929|0,00|147,04|0,00|0,00|0,00|0,00|0,00|0,00||
|C100|1|0|07120450000167|55|08|001|14701|42170612974834000187550010000147011000050046|22062017|22062017|100,00|2|0,00|0,00|100,00|9|0,00|0,00|0,00|0,00|0,00|0,00|0,00|0,00|||||
|C110|1|REFERENTE CUPOM FISCAL|
|C190|060|5929|0,00|100,00|0,00|0,00|0,00|0,00|0,00|0,00||
|C100|1|0|10974077000205|55|08|001|14702|42170612974834000187550010000147021000050051|22062017|22062017|245,90|2|0,00|0,00|245,90|9|0,00|0,00|0,00|0,00|0,00|0,00|0,00|0,00|||||
|C110|1|REFERENTE CUPOM FISCAL|
|C190|060|6929|0,00|245,90|0,00|0,00|0,00|0,00|0,00|0,00||
|C100|1|0|14129850997|55|08|001|14703|42170612974834000187550010000147031000050067|22062017|22062017|157,59|2|0,00|0,00|157,59|9|0,00|0,00|0,00|0,00|0,00|0,00|0,00|0,00|||||
|C110|1|REFERENTE CUPOM FISCAL|
|C190|060|6929|0,00|157,59|0,00|0,00|0,00|0,00|0,00|0,00||
|C100|1|0|23141874000164|55|08|001|14704|42170612974834000187550010000147041000050072|22062017|22062017|995,05|2|0,00|0,00|995,05|9|0,00|0,00|0,00|0,00|0,00|0,00|0,00|0,00|||||
|C110|1|REFERENTE CUPOM FISCAL|
|C190|060|5929|0,00|995,05|0,00|0,00|0,00|0,00|0,00|0,00||
|C100|1|0|18644801000155|55|08|001|14705|42170612974834000187550010000147051000050088|22062017|22062017|1300,07|2|0,00|0,00|1300,07|9|0,00|0,00|0,00|0,00|0,00|0,00|0,00|0,00|||||
|C110|1|REFERENTE CUPOM FISCAL|
|C190|060|5929|0,00|1300,07|0,00|0,00|0,00|0,00|0,00|0,00||
|C100|1|0|18644801000155|55|08|001|14706|42170612974834000187550010000147061000050093|22062017|22062017|177,00|2|0,00|0,00|177,00|9|0,00|0,00|0,00|0,00|0,00|0,00|0,00|0,00|||||
|C110|1|REFERENTE CUPOM FISCAL|
|C190|060|5929|0,00|177,00|0,00|0,00|0,00|0,00|0,00|0,00||
|C100|1|0|09568756000106|55|08|001|14707|42170612974834000187550010000147071000050104|22062017|22062017|83,04|2|0,00|0,00|83,04|9|0,00|0,00|0,00|0,00|0,00|0,00|0,00|0,00|||||
|C110|1|REFERENTE CUPOM FISCAL|
|C190|060|5929|0,00|83,04|0,00|0,00|0,00|0,00|0,00|0,00||
|C100|1|0|17294266000197|55|08|001|14708|42170612974834000187550010000147081000050110|22062017|22062017|1077,31|2|0,00|0,00|1077,31|9|0,00|0,00|0,00|0,00|0,00|0,00|0,00|0,00|||||
|C110|1|REFERENTE CUPOM FISCAL|
|C190|060|5929|0,00|1077,31|0,00|0,00|0,00|0,00|0,00|0,00||
|C100|1|0|00460859714|55|08|001|14709|42170612974834000187550010000147091000050125|23062017|23062017|564,87|2|0,00|0,00|564,87|9|0,00|0,00|0,00|0,00|0,00|0,00|0,00|0,00|||||
|C110|1|REFERENTE CUPOM FISCAL|
|C190|060|5929|0,00|564,87|0,00|0,00|0,00|0,00|0,00|0,00||
|C100|1|0|81374845000149|55|08|001|14710|42170612974834000187550010000147101000050134|23062017|23062017|317,35|2|0,00|0,00|317,35|9|0,00|0,00|0,00|0,00|0,00|0,00|0,00|0,00|||||
|C110|1|REFERENTE CUPOM FISCAL|
|C190|060|5929|0,00|317,35|0,00|0,00|0,00|0,00|0,00|0,00||
|C100|1|0|17135227000147|55|08|001|14713|42170612974834000187550010000147131000050160|23062017|23062017|150,00|2|0,00|0,00|150,00|9|0,00|0,00|0,00|0,00|0,00|0,00|0,00|0,00|||||
|C110|1|REFERENTE CUPOM FISCAL|
|C190|060|5929|0,00|150,00|0,00|0,00|0,00|0,00|0,00|0,00||
|C100|1|0|12483945000190|55|08|001|14714|42170612974834000187550010000147141000050176|23062017|23062017|267,01|2|0,00|0,00|267,01|9|0,00|0,00|0,00|5,00|0,86|0,00|0,00|0,00|||||
|C110|1|REFERENTE CUPOM FISCAL|
|C190|060|5929|0,00|262,01|0,00|0,00|0,00|0,00|0,00|0,00||
|C190|000|5929|17,00|5,00|5,00|0,86|0,00|0,00|0,00|0,00||
|C100|1|0|12974834000187|55|08|001|14715|42170612974834000187550010000147151000050181|23062017|23062017|539,88|2|0,00|0,00|539,88|9|0,00|0,00|0,00|0,00|0,00|0,00|0,00|0,00|||||
|C110|1|REFERENTE CUPOM FISCAL|
|C190|060|5929|0,00|539,88|0,00|0,00|0,00|0,00|0,00|0,00||
|C100|1|0|01223060000136|55|08|001|14716|42170612974834000187550010000147161000050197|23062017|23062017|120,00|2|0,00|0,00|120,00|9|0,00|0,00|0,00|0,00|0,00|0,00|0,00|0,00|||||
|C110|1|REFERENTE CUPOM FISCAL|
|C190|060|5929|0,00|120,00|0,00|0,00|0,00|0,00|0,00|0,00||
|C100|1|0|06938502000144|55|08|001|14717|42170612974834000187550010000147171000050208|23062017|23062017|1052,03|2|0,00|0,00|1052,03|9|0,00|0,00|0,00|0,00|0,00|0,00|0,00|0,00|||||
|C110|1|REFERENTE CUPOM FISCAL|
|C190|060|5929|0,00|1052,03|0,00|0,00|0,00|0,00|0,00|0,00||
|C100|1|0|93561108000134|55|08|001|14718|42170612974834000187550010000147181000050213|23062017|23062017|1262,00|2|0,00|0,00|1262,00|9|0,00|0,00|0,00|0,00|0,00|0,00|0,00|0,00|||||
|C110|1|REFERENTE CUPOM FISCAL|
|C190|060|6929|0,00|1262,00|0,00|0,00|0,00|0,00|0,00|0,00||
|C100|1|0|08676719000159|55|08|001|14719|42170612974834000187550010000147191000050229|24062017|24062017|394,47|2|0,00|0,00|394,47|9|0,00|0,00|0,00|0,00|0,00|0,00|0,00|0,00|||||
|C110|1|REFERENTE CUPOM FISCAL|
|C190|060|5929|0,00|394,47|0,00|0,00|0,00|0,00|0,00|0,00||
|C100|1|0|05765156983|55|08|001|14720|42170612974834000187550010000147201000050238|24062017|24062017|710,03|2|0,00|0,00|710,03|9|0,00|0,00|0,00|0,00|0,00|0,00|0,00|0,00|||||
|C110|1|REFERENTE CUPOM FISCAL|
|C190|060|6929|0,00|710,03|0,00|0,00|0,00|0,00|0,00|0,00||
|C100|1|0|00460859714|55|08|001|14721|42170612974834000187550010000147211000050243|24062017|24062017|665,01|2|0,00|0,00|665,01|9|0,00|0,00|0,00|0,00|0,00|0,00|0,00|0,00|||||
|C110|1|REFERENTE CUPOM FISCAL|
|C190|060|5929|0,00|665,01|0,00|0,00|0,00|0,00|0,00|0,00||
|C100|1|0|05660141000154|55|08|001|14722|42170612974834000187550010000147221000050259|24062017|24062017|1294,99|2|0,00|0,00|1294,99|9|0,00|0,00|0,00|0,00|0,00|0,00|0,00|0,00|||||
|C110|1|REFERENTE CUPOM FISCAL|
|C190|060|5929|0,00|1294,99|0,00|0,00|0,00|0,00|0,00|0,00||
|C100|1|0|11042059000169|55|08|001|14723|42170612974834000187550010000147231000050264|24062017|24062017|551,01|2|0,00|0,00|551,01|9|0,00|0,00|0,00|0,00|0,00|0,00|0,00|0,00|||||
|C110|1|REFERENTE CUPOM FISCAL|
|C190|060|6929|0,00|551,01|0,00|0,00|0,00|0,00|0,00|0,00||
|C100|1|0|08772132000143|55|08|001|14725|42170612974834000187550010000147251000050285|25062017|25062017|400,00|2|0,00|0,00|400,00|9|0,00|0,00|0,00|0,00|0,00|0,00|0,00|0,00|||||
|C110|1|REFERENTE CUPOM FISCAL|
|C190|060|5929|0,00|400,00|0,00|0,00|0,00|0,00|0,00|0,00||
|C100|1|0|07598670000109|55|08|001|14726|42170612974834000187550010000147261000050290|25062017|25062017|136,53|2|0,00|0,00|136,53|9|0,00|0,00|0,00|0,00|0,00|0,00|0,00|0,00|||||
|C110|1|REFERENTE CUPOM FISCAL|
|C190|060|6929|0,00|136,53|0,00|0,00|0,00|0,00|0,00|0,00||
|C100|1|0|01948683000176|55|08|001|14727|42170612974834000187550010000147271000050301|25062017|25062017|398,01|2|0,00|0,00|398,01|9|0,00|0,00|0,00|0,00|0,00|0,00|0,00|0,00|||||
|C110|1|REFERENTE CUPOM FISCAL|
|C190|060|6929|0,00|398,01|0,00|0,00|0,00|0,00|0,00|0,00||
|C100|1|0|23680443000176|55|08|001|14728|42170612974834000187550010000147281000050317|26062017|26062017|150,02|2|0,00|0,00|150,02|9|0,00|0,00|0,00|0,00|0,00|0,00|0,00|0,00|||||
|C110|1|REFERENTE CUPOM FISCAL|
|C190|060|5929|0,00|150,02|0,00|0,00|0,00|0,00|0,00|0,00||
|C100|1|0|02375219000109|55|08|001|14729|42170612974834000187550010000147291000050322|26062017|26062017|102,02|2|0,00|0,00|102,02|9|0,00|0,00|0,00|0,00|0,00|0,00|0,00|0,00|||||
|C110|1|REFERENTE CUPOM FISCAL|
|C190|060|5929|0,00|102,02|0,00|0,00|0,00|0,00|0,00|0,00||
|C100|1|0|80348105000175|55|08|001|14730|42170612974834000187550010000147301000050331|26062017|26062017|150,00|2|0,00|0,00|150,00|9|0,00|0,00|0,00|0,00|0,00|0,00|0,00|0,00|||||
|C110|1|REFERENTE CUPOM FISCAL|
|C190|060|5929|0,00|150,00|0,00|0,00|0,00|0,00|0,00|0,00||
|C100|1|0|08087449000140|55|08|001|14731|42170612974834000187550010000147311000050347|26062017|26062017|410,98|2|0,00|0,00|410,98|9|0,00|0,00|0,00|0,00|0,00|0,00|0,00|0,00|||||
|C110|1|REFERENTE CUPOM FISCAL|
|C190|060|5929|0,00|410,98|0,00|0,00|0,00|0,00|0,00|0,00||
|C100|1|0|45286200001839|55|08|001|14733|42170612974834000187550010000147331000050368|26062017|26062017|45,00|2|0,00|0,00|45,00|9|0,00|0,00|0,00|0,00|0,00|0,00|0,00|0,00|||||
|C110|1|REFERENTE CUPOM FISCAL|
|C190|060|5929|0,00|45,00|0,00|0,00|0,00|0,00|0,00|0,00||
|C100|1|0|01177980000165|55|08|001|14734|42170612974834000187550010000147341000050373|26062017|26062017|45,09|2|0,00|0,00|45,09|9|0,00|0,00|0,00|0,00|0,00|0,00|0,00|0,00|||||
|C110|1|REFERENTE CUPOM FISCAL|
|C190|060|5929|0,00|45,09|0,00|0,00|0,00|0,00|0,00|0,00||
|C100|1|0|17294266000197|55|08|001|14735|42170612974834000187550010000147351000050389|26062017|26062017|773,70|2|0,00|0,00|773,70|9|0,00|0,00|0,00|0,00|0,00|0,00|0,00|0,00|||||
|C110|1|REFERENTE CUPOM FISCAL|
|C190|060|5929|0,00|773,70|0,00|0,00|0,00|0,00|0,00|0,00||
|C100|1|0|80348105000175|55|08|001|14736|42170612974834000187550010000147361000050394|27062017|27062017|100,00|2|0,00|0,00|100,00|9|0,00|0,00|0,00|0,00|0,00|0,00|0,00|0,00|||||
|C110|1|REFERENTE CUPOM FISCAL|
|C190|060|5929|0,00|100,00|0,00|0,00|0,00|0,00|0,00|0,00||
|C100|1|0|81374845000149|55|08|001|14737|42170612974834000187550010000147371000050405|27062017|27062017|174,02|2|0,00|0,00|174,02|9|0,00|0,00|0,00|0,00|0,00|0,00|0,00|0,00|||||
|C110|1|REFERENTE CUPOM FISCAL|
|C190|060|5929|0,00|174,02|0,00|0,00|0,00|0,00|0,00|0,00||
|C100|1|0|12974834000187|55|00|001|14738|42170612974834000187550010000147381000050410|27062017|27062017|984,07|2|0,00|0,00|984,07|9|0,00|0,00|0,00|661,91|112,53|0,00|0,00|0,00|||||
|C190|000|5927|17,00|661,91|661,91|112,53|0,00|0,00|0,00|0,00||
|C190|060|5927|0,00|322,16|0,00|0,00|0,00|0,00|0,00|0,00||
|C100|1|0|12974834000187|55|00|001|14739|42170612974834000187550010000147391000050426|27062017|27062017|233,22|2|0,00|0,00|233,21|9|0,00|0,00|0,00|0,00|0,00|0,00|0,00|0,00|||||
|C190|060|5927|0,00|233,22|0,00|0,00|0,00|0,00|0,00|0,00||
|C100|1|0|23173352000144|55|08|001|14740|42170612974834000187550010000147401000050435|27062017|27062017|480,00|2|0,00|0,00|480,00|9|0,00|0,00|0,00|0,00|0,00|0,00|0,00|0,00|||||
|C110|1|REFERENTE CUPOM FISCAL|
|C190|060|5929|0,00|480,00|0,00|0,00|0,00|0,00|0,00|0,00||
|C100|1|0|73404576000198|55|08|001|14741|42170612974834000187550010000147411000050440|27062017|27062017|902,43|2|0,00|0,00|902,43|9|0,00|0,00|0,00|0,00|0,00|0,00|0,00|0,00|||||
|C110|1|REFERENTE CUPOM FISCAL|
|C190|060|6929|0,00|902,43|0,00|0,00|0,00|0,00|0,00|0,00||
|C100|1|0|81374845000149|55|08|001|14742|42170612974834000187550010000147421000050456|27062017|27062017|304,04|2|0,00|0,00|304,04|9|0,00|0,00|0,00|0,00|0,00|0,00|0,00|0,00|||||
|C110|1|REFERENTE CUPOM FISCAL|
|C190|060|5929|0,00|304,04|0,00|0,00|0,00|0,00|0,00|0,00||
|C100|1|0|12974834000187|55|00|001|14743|42170612974834000187550010000147431000050461|27062017|27062017|3158,40|2|0,00|0,00|3158,41|9|0,00|0,00|0,00|489,79|83,26|0,00|0,00|0,00|||||
|C190|000|5927|17,00|489,79|489,79|83,26|0,00|0,00|0,00|0,00||
|C190|060|5927|0,00|2668,61|0,00|0,00|0,00|0,00|0,00|0,00||
|C100|1|0|75862821000306|55|08|001|14744|42170612974834000187550010000147441000050477|27062017|27062017|120,00|2|0,00|0,00|120,00|9|0,00|0,00|0,00|0,00|0,00|0,00|0,00|0,00|||||
|C110|1|REFERENTE CUPOM FISCAL|
|C190|060|6929|0,00|120,00|0,00|0,00|0,00|0,00|0,00|0,00||
|C100|1|0|02723376000150|55|08|001|14745|42170612974834000187550010000147451000050482|27062017|27062017|238,02|2|0,00|0,00|238,02|9|0,00|0,00|0,00|0,00|0,00|0,00|0,00|0,00|||||
|C110|1|REFERENTE CUPOM FISCAL|
|C190|060|5929|0,00|238,02|0,00|0,00|0,00|0,00|0,00|0,00||
|C100|1|0|88320536000135|55|08|001|14746|42170612974834000187550010000147461000050498|27062017|27062017|200,02|2|0,00|0,00|200,02|9|0,00|0,00|0,00|0,00|0,00|0,00|0,00|0,00|||||
|C110|1|REFERENTE CUPOM FISCAL|
|C190|060|6929|0,00|200,02|0,00|0,00|0,00|0,00|0,00|0,00||
|C100|1|0|08473312000124|55|08|001|14747|42170612974834000187550010000147471000050509|28062017|28062017|1223,93|2|0,00|0,00|1223,93|9|0,00|0,00|0,00|0,00|0,00|0,00|0,00|0,00|||||
|C110|1|REFERENTE CUPOM FISCAL|
|C190|060|5929|0,00|1223,93|0,00|0,00|0,00|0,00|0,00|0,00||
|C100|1|0|08473312000124|55|08|001|14748|42170612974834000187550010000147481000050514|28062017|28062017|1100,00|2|0,00|0,00|1100,00|9|0,00|0,00|0,00|0,00|0,00|0,00|0,00|0,00|||||
|C110|1|REFERENTE CUPOM FISCAL|
|C190|060|5929|0,00|1100,00|0,00|0,00|0,00|0,00|0,00|0,00||
|C100|1|0|08473312000124|55|08|001|14749|42170612974834000187550010000147491000050520|28062017|28062017|742,01|2|0,00|0,00|742,01|9|0,00|0,00|0,00|0,00|0,00|0,00|0,00|0,00|||||
|C110|1|REFERENTE CUPOM FISCAL|
|C190|060|5929|0,00|742,01|0,00|0,00|0,00|0,00|0,00|0,00||
|C100|1|0|17294266000197|55|08|001|14750|42170612974834000187550010000147501000050539|28062017|28062017|1506,47|2|0,00|0,00|1506,47|9|0,00|0,00|0,00|0,00|0,00|0,00|0,00|0,00|||||
|C110|1|REFERENTE CUPOM FISCAL|
|C190|060|5929|0,00|1506,47|0,00|0,00|0,00|0,00|0,00|0,00||
|C100|1|0|09477652004698|55|08|001|14751|42170612974834000187550010000147511000050544|28062017|28062017|30,01|2|0,00|0,00|30,01|9|0,00|0,00|0,00|0,00|0,00|0,00|0,00|0,00|||||
|C110|1|REFERENTE CUPOM FISCAL|
|C190|060|5929|0,00|30,01|0,00|0,00|0,00|0,00|0,00|0,00||
|C100|1|0|18124911000196|55|08|001|14752|42170612974834000187550010000147521000050550|28062017|28062017|167,01|2|0,00|0,00|167,01|9|0,00|0,00|0,00|0,00|0,00|0,00|0,00|0,00|||||
|C110|1|REFERENTE CUPOM FISCAL|
|C190|060|6929|0,00|167,01|0,00|0,00|0,00|0,00|0,00|0,00||
|C100|1|0|13291194000173|55|08|001|14753|42170612974834000187550010000147531000050565|28062017|28062017|275,04|2|0,00|0,00|275,04|9|0,00|0,00|0,00|0,00|0,00|0,00|0,00|0,00|||||
|C110|1|REFERENTE CUPOM FISCAL|
|C190|060|6929|0,00|275,04|0,00|0,00|0,00|0,00|0,00|0,00||
|C100|1|0|17333597000199|55|08|001|14754|42170612974834000187550010000147541000050570|29062017|29062017|150,02|2|0,00|0,00|150,02|9|0,00|0,00|0,00|0,00|0,00|0,00|0,00|0,00|||||
|C110|1|REFERENTE CUPOM FISCAL|
|C190|060|5929|0,00|150,02|0,00|0,00|0,00|0,00|0,00|0,00||
|C100|1|0||55|02|001|14755|42170612974834000187550010000147551000050586|||||||||||||||||||||
|C100|1|0|22755830000161|55|08|001|14756|42170612974834000187550010000147561000050591|29062017|29062017|150,00|2|0,00|0,00|150,00|9|0,00|0,00|0,00|0,00|0,00|0,00|0,00|0,00|||||
|C110|1|REFERENTE CUPOM FISCAL|
|C190|060|5929|0,00|150,00|0,00|0,00|0,00|0,00|0,00|0,00||
|C100|1|0|11298672000141|55|08|001|14757|42170612974834000187550010000147571000050602|29062017|29062017|200,00|2|0,00|0,00|200,00|9|0,00|0,00|0,00|0,00|0,00|0,00|0,00|0,00|||||
|C110|1|REFERENTE CUPOM FISCAL|
|C190|060|5929|0,00|200,00|0,00|0,00|0,00|0,00|0,00|0,00||
|C100|1|0|12483945000190|55|08|001|14758|42170612974834000187550010000147581000050618|29062017|29062017|1478,08|2|0,00|0,00|1478,08|9|0,00|0,00|0,00|15,00|2,58|0,00|0,00|0,00|||||
|C110|1|REFERENTE CUPOM FISCAL|
|C190|060|5929|0,00|1463,08|0,00|0,00|0,00|0,00|0,00|0,00||
|C190|000|5929|17,00|15,00|15,00|2,58|0,00|0,00|0,00|0,00||
|C100|1|0|17294266000197|55|08|001|14759|42170612974834000187550010000147591000050623|29062017|29062017|800,00|2|0,00|0,00|800,00|9|0,00|0,00|0,00|0,00|0,00|0,00|0,00|0,00|||||
|C110|1|REFERENTE CUPOM FISCAL|
|C190|060|5929|0,00|800,00|0,00|0,00|0,00|0,00|0,00|0,00||
|C100|1|0|81374845000149|55|08|001|14760|42170612974834000187550010000147601000050632|29062017|29062017|321,39|2|0,00|0,00|321,39|9|0,00|0,00|0,00|0,00|0,00|0,00|0,00|0,00|||||
|C110|1|REFERENTE CUPOM FISCAL|
|C190|060|5929|0,00|321,39|0,00|0,00|0,00|0,00|0,00|0,00||
|C100|1|0|70788510991|55|08|001|14761|42170612974834000187550010000147611000050648|29062017|29062017|122,01|2|0,00|0,00|122,01|9|0,00|0,00|0,00|0,00|0,00|0,00|0,00|0,00|||||
|C110|1|REFERENTE CUPOM FISCAL|
|C190|060|5929|0,00|122,01|0,00|0,00|0,00|0,00|0,00|0,00||
|C100|1|0|11298672000141|55|08|001|14762|42170612974834000187550010000147621000050653|29062017|29062017|500,00|2|0,00|0,00|500,00|9|0,00|0,00|0,00|0,00|0,00|0,00|0,00|0,00|||||
|C110|1|REFERENTE CUPOM FISCAL|
|C190|060|5929|0,00|500,00|0,00|0,00|0,00|0,00|0,00|0,00||
|C100|1|0|12974834000187|55|08|001|14763|42170612974834000187550010000147631000050669|30062017|30062017|155,48|2|0,00|0,00|155,48|9|0,00|0,00|0,00|0,00|0,00|0,00|0,00|0,00|||||
|C110|1|REFERENTE CUPOM FISCAL|
|C190|060|5929|0,00|155,48|0,00|0,00|0,00|0,00|0,00|0,00||
|C100|1|0|08473312000124|55|08|001|14764|42170612974834000187550010000147641000050674|30062017|30062017|1040,01|2|0,00|0,00|1040,01|9|0,00|0,00|0,00|0,00|0,00|0,00|0,00|0,00|||||
|C110|1|REFERENTE CUPOM FISCAL|
|C190|060|5929|0,00|1040,01|0,00|0,00|0,00|0,00|0,00|0,00||
|C100|1|0|18644801000155|55|08|001|14765|42170612974834000187550010000147651000050680|30062017|30062017|1186,34|2|0,00|0,00|1186,34|9|0,00|0,00|0,00|0,00|0,00|0,00|0,00|0,00|||||
|C110|1|REFERENTE CUPOM FISCAL|
|C190|060|5929|0,00|1186,34|0,00|0,00|0,00|0,00|0,00|0,00||
|C100|1|0|18644801000155|55|08|001|14766|42170612974834000187550010000147661000050695|30062017|30062017|164,58|2|0,00|0,00|164,58|9|0,00|0,00|0,00|0,00|0,00|0,00|0,00|0,00|||||
|C110|1|REFERENTE CUPOM FISCAL|
|C190|060|5929|0,00|164,58|0,00|0,00|0,00|0,00|0,00|0,00||
|C100|1|0|11298672000141|55|08|001|14767|42170612974834000187550010000147671000050706|30062017|30062017|300,00|2|0,00|0,00|300,00|9|0,00|0,00|0,00|0,00|0,00|0,00|0,00|0,00|||||
|C110|1|REFERENTE CUPOM FISCAL|
|C190|060|5929|0,00|300,00|0,00|0,00|0,00|0,00|0,00|0,00||
|C100|1|0|81374845000149|55|08|001|14768|42170612974834000187550010000147681000050711|30062017|30062017|141,91|2|0,00|0,00|141,91|9|0,00|0,00|0,00|0,00|0,00|0,00|0,00|0,00|||||
|C110|1|REFERENTE CUPOM FISCAL|
|C190|060|5929|0,00|141,91|0,00|0,00|0,00|0,00|0,00|0,00||
|C100|1|0|81374845000149|55|08|001|14769|42170612974834000187550010000147691000050727|30062017|30062017|70,09|2|0,00|0,00|70,09|9|0,00|0,00|0,00|0,00|0,00|0,00|0,00|0,00|||||
|C110|1|REFERENTE CUPOM FISCAL|
|C190|060|5929|0,00|70,09|0,00|0,00|0,00|0,00|0,00|0,00||
|C100|1|0|06938502000144|55|08|001|14770|42170612974834000187550010000147701000050736|30062017|30062017|300,00|2|0,00|0,00|300,00|9|0,00|0,00|0,00|0,00|0,00|0,00|0,00|0,00|||||
|C110|1|REFERENTE CUPOM FISCAL|
|C190|060|5929|0,00|300,00|0,00|0,00|0,00|0,00|0,00|0,00||
|C100|0|1|93359271000119|55|08|890|15391016|43170687958674000181558900153910161050921208|07062017|12062017|300,00|2|0,00|0,00|300,00|9|0,00|0,00|0,00|300,00|0,00|0,00|0,00|0,00|||||
|C170|1|2578|PEN DRIVE 4G SONICA|12,00000|UN|300,00|0,00|0|000|2102|2102|300,00|0,00|0,00|0,00|0,00|0,00|0|||0,00|0,00|0,00||||||||||||||
|C190|000|2102|0,00|300,00|300,00|0,00|0,00|0,00|0,00|0,00||
|C100|0|1|81632093000411|55|00|003|154230|42170681632093000411550030001542301001047322|13062017|14062017|2750,00|2|0,00|0,00|2750,00|0|0,00|0,00|0,00|2750,00|467,50|0,00|0,00|0,00|||||
|C110|3|LACRE NR: 01, COR: VERDE ;CLIENTE:23364-01.;PEDIDO: 205017,        .;End.Entrega: RODOVIA BR 101 S/N,  (NOSSA SENHORA DA PAZ)             88380000 PICA|
|C170|1|6897|ARLA 32 GRANEL LITRO|2500,00000|L|2750,00|0,00|0|000|1652|1652|2750,00|17,00|467,50|0,00|0,00|0,00|0|||0,00|0,00|0,00||||||||||||||
|C190|000|1652|17,00|2750,00|2750,00|467,50|0,00|0,00|0,00|0,00||
|C100|0|1|73410326005200|55|00|001|156993|42170673410326005200550010001569931009904277|02062017|06062017|1081,05|2|0,00|0,00|894,95|9|0,00|0,00|39,36|879,69|149,54|1475,37|146,74|0,00|||||
|C110|2|VAL. ICMS ST RETIDO ANT.: 146.74442|
|C170|1|731|CERV. ITAIPAVA PREMIUM 355ML|2,00000|UN|50,29|0,00|0|010|1102|1102|50,29|17,00|8,55|84,34|0,00|8,39|0|||0,00|0,00|0,00||||||||||||||
|C170|2|727|CERV. ITAIPAVA LATAO 473ML|30,00000|UN|589,81|0,00|0|010|1102|1102|589,81|17,00|100,27|989,20|0,00|98,39|0|||0,00|0,00|0,00||||||||||||||
|C170|3|3582|ISOTONICO IRONAGE LARANJA  500ML|1,00000|UN|15,26|0,00|0|060|1102|1102|0,00|0,00|0,00|0,00|0,00|0,00|0|||0,00|0,00|0,00||||||||||||||
|C170|4|4076|ISOTONICO IRONAGE LIMAO 500ML|1,00000|UN|15,26|0,00|0|010|1102|1102|15,26|17,00|2,59|25,59|0,00|2,55|0|||0,00|0,00|0,00||||||||||||||
|C170|5|4075|ISOTONICO IRONAGE UVA 500ML|1,00000|UN|15,26|0,00|0|010|1102|1102|15,26|17,00|2,59|25,59|0,00|2,55|0|||0,00|0,00|0,00||||||||||||||
|C170|6|3583|ISOTONICO IRONAGE TANGERINA 500ML|1,00000|UN|15,26|0,00|0|010|1102|1102|15,26|17,00|2,59|25,59|0,00|2,55|0|||0,00|0,00|0,00||||||||||||||
|C170|7|935|MILLER LONG 355ML|3,00000|UN|193,81|0,00|0|010|1102|1102|193,81|17,00|32,95|325,05|0,00|32,33|0|||0,00|0,00|0,00||||||||||||||
|C190|010|1102|17,00|1065,12|879,69|149,54|1475,37|146,74|0,00|0,00||
|C190|060|1102|0,00|15,93|0,00|0,00|0,00|0,00|0,00|0,00||
|C100|0|1|31565104012345|01|00|022|16107||05062017|05062017|297,12|2|13,00|0,00|291,28|9|0,00|0,00|0,00|291,28|49,52|389,03|18,84|0,00|||||
|C110|2|VAL. ICMS ST RETIDO ANT.: 18.840001|
|C170|1|5071|SALG FANDANGOS PRESUNTO 164G|12,00000|UN|53,76|2,30|0|010|1102|1102|53,76|17,00|9,14|71,80|0,00|3,48|0|||0,00|0,00|0,00||||||||||||||
|C170|2|5194|FANDANGOS QUEIJO 164G|12,00000|UN|53,76|2,30|0|010|1102|1102|53,76|17,00|9,14|71,80|0,00|3,48|0|||0,00|0,00|0,00||||||||||||||
|C170|3|5099|SALG. CHEETOS ONDA REQUEIJAO 150G|12,00000|UN|53,76|2,30|0|010|1102|1102|53,76|17,00|9,14|71,80|0,00|3,48|0|||0,00|0,00|0,00||||||||||||||
|C170|4|1064|PINGO DE OURO PICANHA GRELHADA|50,00000|UN|130,00|6,10|0|010|1102|1102|130,00|17,00|22,10|173,63|0,00|8,41|0|||0,00|0,00|0,00||||||||||||||
|C190|010|1102|17,00|297,12|291,28|49,52|389,03|18,84|0,00|0,00||
|C100|0|1|31565104012345|01|00|022|16132||12062017|12062017|1117,74|2|0,00|0,00|1047,85|9|0,00|0,00|0,00|1047,85|178,14|1458,92|69,89|0,00|||||
|C110|2|VAL. ICMS ST RETIDO ANT.: 69.889999|
|C170|1|1262|STAX ONION 156G|17,00000|UN|186,15|0,00|0|010|1102|1102|186,15|17,00|31,65|259,18|0,00|12,42|0|||0,00|0,00|0,00||||||||||||||
|C170|2|5047|SALG. CHEETOS LUA PARMESAO 51G|36,00000|UN|67,32|0,00|0|010|1102|1102|67,32|17,00|11,44|93,73|0,00|4,49|0|||0,00|0,00|0,00||||||||||||||
|C170|3|1062|PINGO DE OURO BACON|55,00000|UN|143,00|0,00|0|010|1102|1102|143,00|17,00|24,31|199,10|0,00|9,54|0|||0,00|0,00|0,00||||||||||||||
|C170|4|120|BACONZITO 55G|30,00000|UN|78,00|0,00|0|010|1102|1102|78,00|17,00|13,26|108,60|0,00|5,20|0|||0,00|0,00|0,00||||||||||||||
|C170|5|5193|SALG. DORITOS QUEIJO NACHO 55G|40,00000|UN|104,00|0,00|0|010|1102|1102|104,00|17,00|17,68|144,80|0,00|6,94|0|||0,00|0,00|0,00||||||||||||||
|C170|6|5101|DORITOS QUEIJO NACHO 96G|24,00000|UN|106,80|0,00|0|010|1102|1102|106,80|17,00|18,16|148,70|0,00|7,12|0|||0,00|0,00|0,00||||||||||||||
|C170|7|5114|SALG. CHEETOS PARMESAO 140G|12,00000|UN|53,76|0,00|0|010|1102|1102|53,76|17,00|9,14|74,85|0,00|3,59|0|||0,00|0,00|0,00||||||||||||||
|C170|8|5099|SALG. CHEETOS ONDA REQUEIJAO 150G|12,00000|UN|53,76|0,00|0|010|1102|1102|53,76|17,00|9,14|74,85|0,00|3,59|0|||0,00|0,00|0,00||||||||||||||
|C170|9|5071|SALG FANDANGOS PRESUNTO 164G|12,00000|UN|53,76|0,00|0|010|1102|1102|53,76|17,00|9,14|74,85|0,00|3,59|0|||0,00|0,00|0,00||||||||||||||
|C170|10|5043|DORITOS 167G|15,00000|UN|100,20|0,00|0|010|1102|1102|100,20|17,00|17,03|139,51|0,00|6,68|0|||0,00|0,00|0,00||||||||||||||
|C170|11|5120|SALG RUFFLES ORIGINAL 167G|15,00000|UN|101,10|0,00|0|010|1102|1102|101,10|17,00|17,19|140,76|0,00|6,74|0|||0,00|0,00|0,00||||||||||||||
|C190|010|1102|17,00|1117,74|1047,85|178,14|1458,92|69,89|0,00|0,00||
|C100|0|1|31565104012345|01|00|022|16160||19062017|19062017|714,49|2|0,00|0,00|672,96|9|0,00|0,00|0,00|672,96|114,40|917,20|41,53|0,00|||||
|C110|2|VAL. ICMS ST RETIDO ANT.: 41.53|
|C170|1|5045|SALG FANDANGOS PRESUNTO 59G|36,00000|UN|67,32|0,00|0|010|1102|1102|67,32|17,00|11,44|91,75|0,00|4,15|0|||0,00|0,00|0,00||||||||||||||
|C170|2|1268|STIKSY PALITINHOS ELMA CHIPS|39,00000|UN|101,40|0,00|0|010|1102|1102|101,40|17,00|17,24|138,20|0,00|6,26|0|||0,00|0,00|0,00||||||||||||||
|C170|3|5113|RUFFLES CEBOLA E SALSA 96GR|24,00000|UN|107,76|0,00|0|010|1102|1102|107,76|17,00|18,32|146,87|0,00|6,65|0|||0,00|0,00|0,00||||||||||||||
|C170|4|5100|SALG RUFFLES ORIGINAL 96G|24,00000|UN|107,76|0,00|0|010|1102|1102|107,76|17,00|18,32|146,87|0,00|6,65|0|||0,00|0,00|0,00||||||||||||||
|C170|5|5099|SALG. CHEETOS ONDA REQUEIJAO 150G|12,00000|UN|53,76|0,00|0|010|1102|1102|53,76|17,00|9,14|73,27|0,00|3,32|0|||0,00|0,00|0,00||||||||||||||
|C170|6|5071|SALG FANDANGOS PRESUNTO 164G|12,00000|UN|53,76|0,00|0|010|1102|1102|53,76|17,00|9,14|73,27|0,00|3,32|0|||0,00|0,00|0,00||||||||||||||
|C170|7|5052|SALG CEBOLITOS 110G|15,00000|UN|67,20|0,00|0|010|1102|1102|67,20|17,00|11,42|91,59|0,00|4,15|0|||0,00|0,00|0,00||||||||||||||
|C170|8|5043|DORITOS 167G|15,00000|UN|100,20|0,00|0|010|1102|1102|100,20|17,00|17,03|136,57|0,00|6,18|0|||0,00|0,00|0,00||||||||||||||
|C170|9|555|EQLIBRI QUEIJO SUAVE 40G|10,00000|UN|13,80|0,00|0|010|1102|1102|13,80|17,00|2,35|18,81|0,00|0,85|0|||0,00|0,00|0,00||||||||||||||
|C190|010|1102|17,00|714,49|672,96|114,40|917,20|41,53|0,00|0,00||
|C100|0|1|31565104012345|01|00|022|16185||26062017|26062017|427,21|2|0,00|0,00|401,34|9|0,00|0,00|0,00|401,34|68,23|553,44|25,87|0,00|||||
|C110|2|VAL. ICMS ST RETIDO ANT.: 25.87|
|C170|1|5043|DORITOS 167G|15,00000|UN|100,20|0,00|0|010|1102|1102|100,20|17,00|17,03|138,17|0,00|6,46|0|||0,00|0,00|0,00||||||||||||||
|C170|2|5073|BACONZITOS 103G|12,00000|UN|53,40|0,00|0|010|1102|1102|53,40|17,00|9,08|73,64|0,00|3,44|0|||0,00|0,00|0,00||||||||||||||
|C170|3|5071|SALG FANDANGOS PRESUNTO 164G|12,00000|UN|53,76|0,00|0|010|1102|1102|53,76|17,00|9,14|74,13|0,00|3,47|0|||0,00|0,00|0,00||||||||||||||
|C170|4|5099|SALG. CHEETOS ONDA REQUEIJAO 150G|12,00000|UN|53,76|0,00|0|010|1102|1102|53,76|17,00|9,14|74,13|0,00|3,47|0|||0,00|0,00|0,00||||||||||||||
|C170|5|5114|SALG. CHEETOS PARMESAO 140G|12,00000|UN|53,76|0,00|0|010|1102|1102|53,76|17,00|9,14|74,13|0,00|3,47|0|||0,00|0,00|0,00||||||||||||||
|C170|6|5139|DE MONTAO 60G|33,00000|UN|86,46|0,00|0|010|1102|1102|86,46|17,00|14,70|119,23|0,00|5,57|0|||0,00|0,00|0,00||||||||||||||
|C190|010|1102|17,00|427,21|401,34|68,23|553,44|25,87|0,00|0,00||
|C100|0|1|22711716000130|55|00|001|1654|43170522711716000130550010000016541000016713|15052017|07062017|99,50|2|0,00|0,00|99,50|9|0,00|0,00|0,00|0,00|0,00|0,00|0,00|0,00|||||
|C170|1|6407|SUPORTE MAGNETICO VEICULAR|5,00000|UN|99,50|0,00|0|060|2102|2102|0,00|0,00|0,00|0,00|0,00|0,00|0|||0,00|0,00|0,00||||||||||||||
|C190|060|2102|0,00|99,50|0,00|0,00|0,00|0,00|0,00|0,00||
|C100|0|1|22711716000130|55|00|001|1655|43170522711716000130550010000016551000016729|15052017|07062017|697,39|2|0,00|0,00|615,80|9|0,00|0,00|81,59|0,00|0,00|0,00|0,00|0,00|||||
|C170|1|5504|CARREGADOR DUPLO PARA CARRO|30,00000|UN|377,40|0,00|0|060|2102|2102|0,00|0,00|0,00|0,00|0,00|0,00|0|||0,00|0,00|0,00||||||||||||||
|C170|2|5505|CABO SANSUNG S|20,00000|UN|238,40|0,00|0|060|2102|2102|0,00|0,00|0,00|0,00|0,00|0,00|0|||0,00|0,00|0,00||||||||||||||
|C190|060|2102|0,00|697,39|0,00|0,00|0,00|0,00|0,00|0,00||
|C100|0|1|61186888017592|55|00|001|16603|42170661186888017592550010000166031188685065|28062017|29062017|1061,50|2|0,00|0,00|1079,96|0|0,00|0,00|0,00|299,98|50,99|423,60|21,02|39,48|||||
|C110|3|OV: 1015278535  VL: 3015499336  VT: 0070502431  VF: 5015112939 SI.: 0007 - Contribuinte DocSAP: 9644898471  PED CLI:  DT. VENC 06.07.2017 PRAZO DIAS: 0|
|C110|2|VAL. ICMS ST RETIDO ANT.: 21.02|
|C170|1|424|COCA COLA 2 LT|5,00000|UN|194,37|0,00|0|010|1102|1102|194,37|17,00|33,04|252,00|0,00|9,80|0|00||194,37|3,00|5,83||||||||||||||
|C170|2|425|COCA COLA 350ML LATA|5,00000|UN|105,61|0,00|0|010|1102|1102|105,61|17,00|17,95|171,60|0,00|11,22|0|00||105,61|3,00|3,17||||||||||||||
|C170|3|716|I9 LIMAO|1,00000|CX|17,42|0,00|0|060|1102|1102|0,00|0,00|0,00|0,00|0,00|0,00|0|00||17,42|3,00|0,52||||||||||||||
|C170|4|743|CERV. KAISER LATAO 473 ML|10,00000|UN|218,58|0,00|0|060|1102|1102|0,00|0,00|0,00|0,00|0,00|0,00|0|00||218,58|4,50|9,84||||||||||||||
|C170|5|718|I9 UVA VERDE|1,00000|CX|17,42|0,00|0|060|1102|1102|0,00|0,00|0,00|0,00|0,00|0,00|0|00||17,42|3,00|0,52||||||||||||||
|C170|6|42|AGUA CRYSTAL C/GAS 500ML|1,00000|UN|10,56|0,00|0|060|1102|1102|0,00|0,00|0,00|0,00|0,00|0,00|0|||0,00|0,00|0,00||||||||||||||
|C170|7|1249|SOL PREMIUM LN NOVA|3,00000|UN|198,45|0,00|0|060|1102|1102|0,00|0,00|0,00|0,00|0,00|0,00|0|00||198,45|4,50|8,93||||||||||||||
|C170|8|5391|CERV. HEINEKEN LONG NECK 330ML|2,00000|CX|155,27|0,00|0|060|1102|1102|0,00|0,00|0,00|0,00|0,00|0,00|0|00||155,27|4,50|6,99||||||||||||||
|C170|9|5812|ENERGETICO MONSTER 473ML|4,00000|UN|122,80|0,00|0|060|1102|1102|0,00|0,00|0,00|0,00|0,00|0,00|0|00||122,80|3,00|3,68||||||||||||||
|C190|010|1102|17,00|321,00|299,98|50,99|423,60|21,02|0,00|9,00||
|C190|060|1102|0,00|740,50|0,00|0,00|0,00|0,00|0,00|30,48||
|C100|0|1|82973785000143|55|00|002|1670|42170682973785000143550020000016701428996669|13062017|14062017|232,62|2|0,00|0,00|217,14|9|0,00|0,00|0,00|217,14|36,91|308,17|15,48|0,00|||||
|C110|3|PEDIDO: 01661 / PEDIDO CLIENTE: .|
|C110|2|VAL. ICMS ST RETIDO ANT.: 15.48|
|C170|1|2921|BISC LUNA MERENGUE AMEND 150G|1,00000|UN|33,95|0,00|0|010|1102|1102|33,95|17,00|5,77|44,47|0,00|1,79|0|||0,00|0,00|0,00||||||||||||||
|C170|2|2994|AMENDOIM DOCE ESCURO LUNA 200|1,00000|UN|56,02|0,00|0|010|1102|1102|56,02|17,00|9,52|82,35|0,00|4,48|0|||0,00|0,00|0,00||||||||||||||
|C170|3|3111|AMENDOIM SALG LUNA 200G|1,00000|UN|71,30|0,00|0|010|1102|1102|71,30|17,00|12,12|104,81|0,00|5,70|0|||0,00|0,00|0,00||||||||||||||
|C170|4|3079|SALG LUNA CROC BACON 70G|1,00000|CX|55,87|0,00|0|010|1102|1102|55,87|17,00|9,50|76,54|0,00|3,51|0|||0,00|0,00|0,00||||||||||||||
|C190|010|1102|17,00|232,62|217,14|36,91|308,17|15,48|0,00|0,00||
|C100|0|1|27655391000139|55|00|001|17|42170527655391000139550010000000171607473603|30052017|01062017|93,60|2|0,00|0,00|93,60|0|0,00|0,00|0,00|93,60|0,00|0,00|0,00|0,00|||||
|C110|3|Empresa enquadrada no Simples Nacional cfme lei compl. nr 123/2006. Nao gera direiro a credito do ICMS e IPI|
|C170|1|6567|AGUA SERRA DA GRACIOSA SEM GAS  1,5ML|10,00000|PCT|93,60|0,00|0|000|1102|1102|93,60|0,00|0,00|0,00|0,00|0,00|0|||0,00|0,00|0,00||||||||||||||
|C190|000|1102|0,00|93,60|93,60|0,00|0,00|0,00|0,00|0,00||
|C100|0|1|20422387000343|55|00|001|1789|42170620422387000343550010000017891236983403|12062017|12062017|857,20|2|0,00|0,00|796,28|9|0,00|0,00|0,00|0,00|0,00|1154,60|60,92|0,00|||||
|C110|3|Inf. Contribuinte: I-Documento emitido por ME ou EPP, optante pelo Simples Nacional. II-Nao gera direito a credito fiscal de IPI.|
|C110|2|VAL. ICMS ST RETIDO ANT.: 60.92|
|C170|1|5313|LOVITA AMENDOIM 45G|1,00000|UN|56,07|0,00|0|010|1102|1102|0,00|0,00|0,00|79,20|0,00|3,93|0|||0,00|0,00|0,00||||||||||||||
|C170|2|5311|LOVITA CARAMELO 45G|1,00000|UN|56,07|0,00|0|010|1102|1102|0,00|0,00|0,00|79,20|0,00|3,93|0|||0,00|0,00|0,00||||||||||||||
|C170|3|7309|LOVITA LEITE TRUFADO|1,00000|UN|114,58|0,00|0|010|1102|1102|0,00|0,00|0,00|170,00|0,00|9,42|0|||0,00|0,00|0,00||||||||||||||
|C170|4|4903|LOVITA MORANGO RECHEADO C/ LEITE CONDENSADO 105G|1,00000|UN|114,58|0,00|0|010|1102|1102|0,00|0,00|0,00|170,00|0,00|9,42|0|||0,00|0,00|0,00||||||||||||||
|C170|5|7308|LOVITA OVO MALTINE|1,00000|UN|114,58|0,00|0|010|1102|1102|0,00|0,00|0,00|170,00|0,00|9,42|0|||0,00|0,00|0,00||||||||||||||
|C170|6|6849|LOVITA ACAI|1,00000|UN|69,84|0,00|0|010|1102|1102|0,00|0,00|0,00|99,00|0,00|4,96|0|||0,00|0,00|0,00||||||||||||||
|C170|7|4899|LOVITA LIMAO 70G|1,00000|UN|48,74|0,00|0|010|1102|1102|0,00|0,00|0,00|72,60|0,00|4,06|0|||0,00|0,00|0,00||||||||||||||
|C170|8|6523|LOVITA SKIMO|1,00000|UN|75,99|0,00|0|010|1102|1102|0,00|0,00|0,00|107,80|0,00|5,41|0|||0,00|0,00|0,00||||||||||||||
|C170|9|6579|PICOLE LOVITA TRIO 80G|1,00000|UN|75,99|0,00|0|010|1102|1102|0,00|0,00|0,00|107,80|0,00|5,41|0|||0,00|0,00|0,00||||||||||||||
|C170|10|5314|LOVITA MILHO VERDE 70G|1,00000|UN|69,84|0,00|0|010|1102|1102|0,00|0,00|0,00|99,00|0,00|4,96|0|||0,00|0,00|0,00||||||||||||||
|C190|010|1102|0,00|857,20|0,00|0,00|1154,60|60,92|0,00|0,00||
|C100|0|1|09564497000145|55|00|001|18001|42170609564497000145550010000180011195644972|01062017|07062017|383,04|2|0,00|0,00|383,04|9|0,00|0,00|0,00|383,04|65,12|0,00|0,00|0,00|||||
|C170|1|3681|LIMPA PARABRISA REDE JUNINHO|96,00000|UN|383,04|0,00|0|000|1652|1652|383,04|17,00|65,12|0,00|0,00|0,00|0|||0,00|0,00|0,00||||||||||||||
|C190|000|1652|17,00|383,04|383,04|65,12|0,00|0,00|0,00|0,00||
|C100|0|1|11022024000168|55|00|001|1801|42170611022024000168550010000018011000018011|01062017|07062017|853,00|2|0,00|0,00|853,00|9|0,00|0,00|0,00|175,00|29,75|0,00|0,00|0,00|||||
|C170|1|78|AREON BUBBLE GUM|15,00000|UN|84,75|0,00|0|060|1102|1102|0,00|0,00|0,00|0,00|0,00|0,00|0|||0,00|0,00|0,00||||||||||||||
|C170|2|7068|AERON BLACK CRYSTAL|15,00000|UN|84,75|0,00|0|060|1102|1102|0,00|0,00|0,00|0,00|0,00|0,00|0|||0,00|0,00|0,00||||||||||||||
|C170|3|80|AREON COCONUT|15,00000|UN|84,75|0,00|0|060|1102|1102|0,00|0,00|0,00|0,00|0,00|0,00|0|||0,00|0,00|0,00||||||||||||||
|C170|4|81|AREON ELEGANCE ROSA|15,00000|UN|84,75|0,00|0|060|1102|1102|0,00|0,00|0,00|0,00|0,00|0,00|0|||0,00|0,00|0,00||||||||||||||
|C170|5|95|AREON SPORT LUX GOLD|15,00000|UN|84,75|0,00|0|060|1102|1102|0,00|0,00|0,00|0,00|0,00|0,00|0|||0,00|0,00|0,00||||||||||||||
|C170|6|6322|AREON VANILLA BLACK|15,00000|UN|84,75|0,00|0|060|1102|1102|0,00|0,00|0,00|0,00|0,00|0,00|0|||0,00|0,00|0,00||||||||||||||
|C170|7|100|AREON VANILA CHOCO|15,00000|UN|84,75|0,00|0|060|1102|1102|0,00|0,00|0,00|0,00|0,00|0,00|0|||0,00|0,00|0,00||||||||||||||
|C170|8|75|AREON APPLE CINNAMON|15,00000|UN|84,75|0,00|0|060|1102|1102|0,00|0,00|0,00|0,00|0,00|0,00|0|||0,00|0,00|0,00||||||||||||||
|C170|9|1215|SEDA SMOKING KUKUXUMUSU BY|1,00000|CX|175,00|0,00|0|000|1102|1102|175,00|17,00|29,75|0,00|0,00|0,00|0|||0,00|0,00|0,00||||||||||||||
|C190|000|1102|17,00|175,00|175,00|29,75|0,00|0,00|0,00|0,00||
|C190|060|1102|0,00|678,00|0,00|0,00|0,00|0,00|0,00|0,00||
|C100|0|1|09564497000145|55|00|001|18111|42170609564497000145550010000181111195644974|12062017|13062017|534,00|2|0,00|0,00|534,00|9|0,00|0,00|0,00|0,00|0,00|0,00|0,00|0,00|||||
|C110|3|a|
|C170|1|VASSOURAO P/ CAMINHAO CABO CRU1,50MT|VASSOURAO P/ CAMINHAO CABO CRU1,50MT|6,00000|UN|192,00|0,00|1|060|1556|1556|0,00|0,00|0,00|0,00|0,00|0,00|0|||0,00|0,00|0,00||||||||||||||
|C170|2|RODO P/ PISTA 1MT|RODO P/ PISTA 1MT|6,00000|UN|342,00|0,00|1|060|1556|1556|0,00|0,00|0,00|0,00|0,00|0,00|0|||0,00|0,00|0,00||||||||||||||
|C190|060|1556|0,00|534,00|0,00|0,00|0,00|0,00|0,00|0,00||
|C100|0|1|09332573000197|55|00|001|18137|42170609332573000197550010000181371084073300|07062017|09062017|540,00|2|60,00|0,00|600,00|1|0,00|0,00|0,00|600,00|0,00|0,00|0,00|0,00|||||
|C110|3|Empresa optante pelo simples nacional, permite aproveitamento de R$ 11,16 Correspondente a aliquota de 1,86 nos termos 23 da LC 123.|
|C170|1|QUALIMAX BIAN S/ACUC 510g|QUALIMAX BIAN S/ACUC 510g|40,00000|PC|600,00|60,00|1|000|1102|1102|600,00|0,00|0,00|0,00|0,00|0,00|0|||0,00|0,00|0,00||||||||||||||
|C190|000|1102|0,00|540,00|600,00|0,00|0,00|0,00|0,00|0,00||
|C100|0|1|09332573000197|55|00|001|18195|42170609332573000197550010000181951084073885|14062017|14062017|394,80|2|0,00|0,00|394,80|1|0,00|0,00|0,00|0,00|0,00|0,00|0,00|0,00|||||
|C110|3|Empresa optante pelo simples nacional, permite aproveitamento de R$ 7,34 Correspondente a aliquota de 1,86 nos termos 23 da LC 123.|
|C170|1|CAFE GARIBALDI TRADIC 1Kg|CAFE GARIBALDI TRADIC 1Kg|12,00000|KG|394,80|0,00|1|060|1102|1102|0,00|0,00|0,00|0,00|0,00|0,00|0|||0,00|0,00|0,00||||||||||||||
|C190|060|1102|0,00|394,80|0,00|0,00|0,00|0,00|0,00|0,00||
|C100|0|1|00794938000120|55|00|001|18288|42170600794938000120550010000182881967060922|08062017|09062017|972,58|2|0,00|0,00|972,58|0|0,00|0,00|0,00|0,00|0,00|0,00|0,00|0,00|||||
|C110|3|DOCUMENTO EMITIDO POR ME OU EPP OPTANTE PELO SIMPLES NACIONAL, NAO GERA DIREITO A CREDITO  FISCAL DE IPI.                             ESTE DOCUMENTO NA|
|C170|1|GUARDANAPO TORK UNIV XPRESSNAP - DX900|GUARDANAPO TORK UNIV XPRESSNAP - DX900|1,00000|CX|294,42|0,00|1|060|1556|1556|0,00|0,00|0,00|0,00|0,00|0,00|0|||0,00|0,00|0,00||||||||||||||
|C170|2|PAPEL HIG. TORK UNIV. JUMBO 12/300M FS|PAPEL HIG. TORK UNIV. JUMBO 12/300M FS|2,00000|CX|211,60|0,00|1|060|1556|1556|0,00|0,00|0,00|0,00|0,00|0,00|0|||0,00|0,00|0,00||||||||||||||
|C170|3|PAPEL TOALHA TORK ADV. INTERF. 16/250 FS|PAPEL TOALHA TORK ADV. INTERF. 16/250 FS|2,00000|CX|187,92|0,00|1|060|1556|1556|0,00|0,00|0,00|0,00|0,00|0,00|0|||0,00|0,00|0,00||||||||||||||
|C170|4|SABONETE ESPUMA TORK SUAVE 1L|SABONETE ESPUMA TORK SUAVE 1L|4,00000|RF|278,64|0,00|1|060|1556|1556|0,00|0,00|0,00|0,00|0,00|0,00|0|||0,00|0,00|0,00||||||||||||||
|C190|060|1556|0,00|972,58|0,00|0,00|0,00|0,00|0,00|0,00||
|C100|0|1|00794938000120|55|00|001|18352|42170600794938000120550010000183521323182684|14062017|16062017|281,88|2|0,00|0,00|281,88|0|0,00|0,00|0,00|0,00|0,00|0,00|0,00|0,00|||||
|C110|3|DOCUMENTO EMITIDO POR ME OU EPP OPTANTE PELO SIMPLES NACIONAL, NAO GERA DIREITO A CREDITO  FISCAL DE IPI.                             ESTE DOCUMENTO NA|
|C170|1|PAPEL TOALHA TORK ADV. INTERF. 16/250 FS|PAPEL TOALHA TORK ADV. INTERF. 16/250 FS|3,00000|CX|281,88|0,00|1|060|1556|1556|0,00|0,00|0,00|0,00|0,00|0,00|0|||0,00|0,00|0,00||||||||||||||
|C190|060|1556|0,00|281,88|0,00|0,00|0,00|0,00|0,00|0,00||
|C100|0|1|00794938000120|55|00|001|18439|42170600794938000120550010000184391020194566|22062017|23062017|877,92|2|0,00|0,00|877,92|0|0,00|0,00|0,00|0,00|0,00|0,00|0,00|0,00|||||
|C110|3|DOCUMENTO EMITIDO POR ME OU EPP OPTANTE PELO SIMPLES NACIONAL, NAO GERA DIREITO A CREDITO  FISCAL DE IPI.                             ESTE DOCUMENTO NA|
|C170|1|PAPEL HIG. TORK UNIV. JUMBO 12/300M FS|PAPEL HIG. TORK UNIV. JUMBO 12/300M FS|3,00000|CX|317,40|0,00|1|060|1556|1556|0,00|0,00|0,00|0,00|0,00|0,00|0|||0,00|0,00|0,00||||||||||||||
|C170|2|PAPEL TOALHA TORK ADV. INTERF. 16/250 FS|PAPEL TOALHA TORK ADV. INTERF. 16/250 FS|3,00000|CX|281,88|0,00|1|060|1556|1556|0,00|0,00|0,00|0,00|0,00|0,00|0|||0,00|0,00|0,00||||||||||||||
|C170|3|SABONETE ESPUMA TORK SUAVE 1L|SABONETE ESPUMA TORK SUAVE 1L|4,00000|RF|278,64|0,00|1|060|1556|1556|0,00|0,00|0,00|0,00|0,00|0,00|0|||0,00|0,00|0,00||||||||||||||
|C190|060|1556|0,00|877,92|0,00|0,00|0,00|0,00|0,00|0,00||
|C100|0|1|00794938000120|55|00|001|18513|42170600794938000120550010000185131939928684|29062017|30062017|588,14|2|0,00|0,00|588,14|0|0,00|0,00|0,00|0,00|0,00|0,00|0,00|0,00|||||
|C110|3|DOCUMENTO EMITIDO POR ME OU EPP OPTANTE PELO SIMPLES NACIONAL, NAO GERA DIREITO A CREDITO  FISCAL DE IPI.                             ESTE DOCUMENTO NA|
|C170|1|GUARDANAPO TORK UNIV XPRESSNAP - DX900|GUARDANAPO TORK UNIV XPRESSNAP - DX900|1,00000|CX|294,42|0,00|1|060|1556|1556|0,00|0,00|0,00|0,00|0,00|0,00|0|||0,00|0,00|0,00||||||||||||||
|C170|2|PAPEL HIG. TORK UNIV. JUMBO 12/300M FS|PAPEL HIG. TORK UNIV. JUMBO 12/300M FS|1,00000|CX|105,80|0,00|1|060|1556|1556|0,00|0,00|0,00|0,00|0,00|0,00|0|||0,00|0,00|0,00||||||||||||||
|C170|3|PAPEL TOALHA TORK ADV. INTERF. 16/250 FS|PAPEL TOALHA TORK ADV. INTERF. 16/250 FS|2,00000|CX|187,92|0,00|1|060|1556|1556|0,00|0,00|0,00|0,00|0,00|0,00|0|||0,00|0,00|0,00||||||||||||||
|C190|060|1556|0,00|588,14|0,00|0,00|0,00|0,00|0,00|0,00||
|C100|0|1|84298900000157|55|00|008|1971945|42170684298900000157550080019719451628354320|12062017|13062017|317,52|2|0,00|0,00|317,52|0|0,00|0,00|0,00|0,00|0,00|0,00|0,00|0,00|||||
|C110|3|Imposto retido por substituicao tributaria - RICMS-SC/01 - Anexo 3 - NroCarga: 909082 - Representante: DANIELA DAITX DA SILVA - Telefone: (047) - 88213|
|C170|1|3805|IO IO NUTRI CHOC AVELA|1,00000|UN|32,54|0,00|0|060|1102|1102|0,00|0,00|0,00|0,00|0,00|0,00|0|||0,00|0,00|0,00||||||||||||||
|C170|2|759|KINDER OVO|1,00000|UN|186,64|0,00|0|060|1102|1102|0,00|0,00|0,00|0,00|0,00|0,00|0|||0,00|0,00|0,00||||||||||||||
|C170|3|5877|WAFER MAXI COOKIES 117G|5,00000|UN|44,70|0,00|0|060|1102|1102|0,00|0,00|0,00|0,00|0,00|0,00|0|||0,00|0,00|0,00||||||||||||||
|C170|4|2076|BISC BAUDUCCO WAFER CHOCOLATE 140G|1,00000|UN|26,82|0,00|0|060|1102|1102|0,00|0,00|0,00|0,00|0,00|0,00|0|||0,00|0,00|0,00||||||||||||||
|C170|5|2114|BAUDUCCO 140G MORANGO|1,00000|UN|26,82|0,00|0|060|1102|1102|0,00|0,00|0,00|0,00|0,00|0,00|0|||0,00|0,00|0,00||||||||||||||
|C190|060|1102|0,00|317,52|0,00|0,00|0,00|0,00|0,00|0,00||
|C100|0|1|84298900000157|55|00|008|1974816|42170684298900000157550080019748161110624994|19062017|20062017|257,96|2|0,00|0,00|257,96|0|0,00|0,00|0,00|0,00|0,00|0,00|0,00|0,00|||||
|C110|3|Imposto retido por substituicao tributaria - RICMS-SC/01 - Anexo 3 - NroCarga: 909629 - Representante: DANIELA DAITX DA SILVA - Telefone: (047) - 88213|
|C170|1|3805|IO IO NUTRI CHOC AVELA|1,00000|UN|32,54|0,00|0|060|1102|1102|0,00|0,00|0,00|0,00|0,00|0,00|0|||0,00|0,00|0,00||||||||||||||
|C170|2|754|KINDER BUENO WHITE|1,00000|UN|115,80|0,00|0|060|1102|1102|0,00|0,00|0,00|0,00|0,00|0,00|0|||0,00|0,00|0,00||||||||||||||
|C170|3|1673|CHOC KINDER TABLETE 12,5G|1,00000|UN|21,66|0,00|0|460|1102|1102|0,00|0,00|0,00|0,00|0,00|0,00|0|||0,00|0,00|0,00||||||||||||||
|C170|4|2119|GRELHADITOS SEM PELE 60G|1,00000|UN|42,20|0,00|0|060|1102|1102|0,00|0,00|0,00|0,00|0,00|0,00|0|||0,00|0,00|0,00||||||||||||||
|C170|5|995|PACOQUITA SANTA HELENA 22G|3,00000|UN|45,76|0,00|0|060|1102|1102|0,00|0,00|0,00|0,00|0,00|0,00|0|||0,00|0,00|0,00||||||||||||||
|C190|460|1102|0,00|21,66|0,00|0,00|0,00|0,00|0,00|0,00||
|C190|060|1102|0,00|236,30|0,00|0,00|0,00|0,00|0,00|0,00||
|C100|0|1|84298900000157|55|00|008|1978825|42170684298900000157550080019788251211934635|26062017|28062017|209,94|2|0,00|0,00|209,94|9|0,00|0,00|0,00|52,35|8,91|0,00|0,00|0,00|||||
|C110|3|Imposto retido por substituicao tributaria - RICMS-SC/01 - Anexo 3 - NroCarga: 910355 - Representante: DANIELA DAITX DA SILVA - Telefone: (047) - 88213|
|C170|1|6694|KINDER OVO STARWARS|1,00000|UN|83,76|0,00|0|060|1102|1102|0,00|0,00|0,00|0,00|0,00|0,00|0|||0,00|0,00|0,00||||||||||||||
|C170|2|1673|CHOC KINDER TABLETE 12,5G|2,00000|UN|43,32|0,00|0|460|1102|1102|0,00|0,00|0,00|0,00|0,00|0,00|0|||0,00|0,00|0,00||||||||||||||
|C170|3|995|PACOQUITA SANTA HELENA 22G|2,00000|UN|30,51|0,00|0|060|1102|1102|0,00|0,00|0,00|0,00|0,00|0,00|0|||0,00|0,00|0,00||||||||||||||
|C170|4|1702|BALA TIC TAC COMO TE GUSTA 16G|1,00000|UN|17,45|0,00|0|400|1102|1102|17,45|17,00|2,97|0,00|0,00|0,00|0|||0,00|0,00|0,00||||||||||||||
|C170|5|1343|TIC TAC LARANJA|1,00000|UN|17,45|0,00|0|000|1102|1102|17,45|17,00|2,97|0,00|0,00|0,00|0|||0,00|0,00|0,00||||||||||||||
|C170|6|1345|TIC TAC MENTA|1,00000|UN|17,45|0,00|0|000|1102|1102|17,45|17,00|2,97|0,00|0,00|0,00|0|||0,00|0,00|0,00||||||||||||||
|C190|460|1102|0,00|43,32|0,00|0,00|0,00|0,00|0,00|0,00||
|C190|000|1102|17,00|34,90|34,90|5,94|0,00|0,00|0,00|0,00||
|C190|060|1102|0,00|114,27|0,00|0,00|0,00|0,00|0,00|0,00||
|C190|400|1102|17,00|17,45|17,45|2,97|0,00|0,00|0,00|0,00||
|C100|0|1|60409075011782|55|00|001|2050894|42170660409075011782550010020508941362839707|13062017|14062017|415,21|2|0,00|0,00|420,40|0|0,00|0,00|0,00|0,00|0,00|0,00|0,00|5,19|||||
|C110|3|Cli 0003883476 FFt: 3568 Emp: BR10 Org. Vendas: BRL1 / 06 / 00 Fvd: Docnum: 0095726022 Remessa: 8255146870 Doct.Fat: 9500020272 N. Carga: 8018575603 Pa|
|C170|1|970|NESCAU 200ML|1,00000|UN|41,81|0,00|0|560|1102|1102|0,00|0,00|0,00|0,00|0,00|0,00|0|||0,00|0,00|0,00||||||||||||||
|C170|2|974|NESQUIK MORANGO 200ML|1,00000|UN|38,42|0,00|0|560|1102|1102|0,00|0,00|0,00|0,00|0,00|0,00|0|||0,00|0,00|0,00||||||||||||||
|C170|3|416|CHOKITO NESTLE 32G|1,00000|UN|34,65|0,00|0|560|1102|1102|0,00|0,00|0,00|0,00|0,00|0,00|0|00||34,65|5,00|1,73||||||||||||||
|C170|4|1102|PRESTIGIO NESTLE 33G|1,00000|UN|34,65|0,00|0|560|1102|1102|0,00|0,00|0,00|0,00|0,00|0,00|0|00||34,65|5,00|1,73||||||||||||||
|C170|5|374|CHOC. CHARGE NESTLE 40G|1,00000|UN|34,65|0,00|0|560|1102|1102|0,00|0,00|0,00|0,00|0,00|0,00|0|00||34,65|5,00|1,73||||||||||||||
|C170|6|6690|NESCAU ACTIGEN BEBIDA LACTEA 1 L|2,00000|UN|124,34|0,00|0|560|1102|1102|0,00|0,00|0,00|0,00|0,00|0,00|0|||0,00|0,00|0,00||||||||||||||
|C170|7|783|KITKAT NESTLE 45G|1,00000|UN|58,60|0,00|0|560|1102|1102|0,00|0,00|0,00|0,00|0,00|0,00|0|||0,00|0,00|0,00||||||||||||||
|C170|8|5183|NESCAU 0 LACTOSE 200 ML|1,00000|UN|48,09|0,00|0|560|1102|1102|0,00|0,00|0,00|0,00|0,00|0,00|0|||0,00|0,00|0,00||||||||||||||
|C190|560|1102|0,00|415,21|0,00|0,00|0,00|0,00|0,00|5,19||
|C100|0|1|60409075011782|55|00|001|2062427|42170660409075011782550010020624271121089767|27062017|28062017|138,41|2|0,00|0,00|140,06|0|0,00|0,00|0,00|0,00|0,00|0,00|0,00|1,65|||||
|C110|3|Cli 0003883476 FFt: 3568 Emp: BR10 Org. Vendas: BRL1 / 06 / 00 Fvd: Docnum: 0096274952 Remessa: 8256441578 Doct.Fat: 9501556377 N. Carga: 8018652124 Pa|
|C170|1|1102|PRESTIGIO NESTLE 33G|1,00000|UN|32,92|0,00|0|560|1102|1102|0,00|0,00|0,00|0,00|0,00|0,00|0|00||32,92|5,00|1,65||||||||||||||
|C170|2|783|KITKAT NESTLE 45G|2,00000|UN|105,49|0,00|0|560|1102|1102|0,00|0,00|0,00|0,00|0,00|0,00|0|||0,00|0,00|0,00||||||||||||||
|C190|560|1102|0,00|138,41|0,00|0,00|0,00|0,00|0,00|1,65||
|C100|0|1|60409075011782|55|00|001|2062428|42170660409075011782550010020624281462124543|27062017|28062017|34,65|2|0,00|0,00|36,38|0|0,00|0,00|0,00|0,00|0,00|0,00|0,00|1,73|||||
|C110|3|Cli 0003883476 FFt: 3568 Emp: BR10 Org. Vendas: BRL1 / 06 / 00 Fvd: Docnum: 0096274953 Remessa: 8256441579 Doct.Fat: 9501556379 N. Carga: 8018652124 Pa|
|C170|1|1102|PRESTIGIO NESTLE 33G|1,00000|UN|34,65|0,00|0|560|1910|1910|0,00|0,00|0,00|0,00|0,00|0,00|0|00||34,65|5,00|1,73||||||||||||||
|C190|560|1910|0,00|34,65|0,00|0,00|0,00|0,00|0,00|1,73||
|C100|0|1|24122618000192|55|00|001|221|42170624122618000192550010000002211001009627|12062017|13062017|829,96|2|0,00|0,00|829,96|1|0,00|0,00|0,00|0,00|0,00|0,00|0,00|0,00|||||
|C110|3|Val Aprox dos Tributos R$ 501.89( 60.47%) Fonte: IBPT|
|C170|1|7579|JOHNNIE WALKER BLACK LABEL 1L|2,00000|UN|276,00|0,00|0|060|1102|1102|0,00|0,00|0,00|0,00|0,00|0,00|0|||0,00|0,00|0,00||||||||||||||
|C170|2|1821|VINHO CAMPO LARGO TINTO SUAVE 750ML|2,00000|UN|17,80|0,00|0|060|1102|1102|0,00|0,00|0,00|0,00|0,00|0,00|0|||0,00|0,00|0,00||||||||||||||
|C170|3|308|CAMPO LARGO TINTO SECO 750ML|2,00000|UN|17,80|0,00|0|060|1102|1102|0,00|0,00|0,00|0,00|0,00|0,00|0|||0,00|0,00|0,00||||||||||||||
|C170|4|1243|SMIRNOFF ICE RED 275 ML|1,00000|UN|93,60|0,00|0|060|1102|1102|0,00|0,00|0,00|0,00|0,00|0,00|0|||0,00|0,00|0,00||||||||||||||
|C170|5|750|KEEP COOLER CLASSIC UVA|6,00000|UN|26,94|0,00|0|060|1102|1102|0,00|0,00|0,00|0,00|0,00|0,00|0|||0,00|0,00|0,00||||||||||||||
|C170|6|748|KEEP COLLER PESSEGO|12,00000|UN|53,88|0,00|0|060|1102|1102|0,00|0,00|0,00|0,00|0,00|0,00|0|||0,00|0,00|0,00||||||||||||||
|C170|7|751|KEEP COOLER MORANGO CLASSIC|6,00000|UN|26,94|0,00|0|060|1102|1102|0,00|0,00|0,00|0,00|0,00|0,00|0|||0,00|0,00|0,00||||||||||||||
|C170|8|7578|JOSE CUERVO ESPECIAL TEQUILA RESOSADO 70C|2,00000|UN|163,30|0,00|0|060|1102|1102|0,00|0,00|0,00|0,00|0,00|0,00|0|||0,00|0,00|0,00||||||||||||||
|C170|9|1466|WHISKY JOHNNIE WALKER RED LAB|2,00000|UN|153,70|0,00|0|060|1102|1102|0,00|0,00|0,00|0,00|0,00|0,00|0|||0,00|0,00|0,00||||||||||||||
|C190|060|1102|0,00|829,96|0,00|0,00|0,00|0,00|0,00|0,00||
|C100|0|1|05984742000112|55|00|035|22799|42170605984742000112550350000227991004503302|21062017|21062017|680,00|2|0,00|0,00|680,00|2|0,00|0,00|0,00|680,00|115,60|0,00|0,00|0,00|||||
|C110|3|Nro Pedido: 524158|
|C170|1|1218|SEDA SMOKING MASTER PQ|1,00000|UN|65,00|0,00|0|000|1102|1102|65,00|17,00|11,05|0,00|0,00|0,00|0|||0,00|0,00|0,00||||||||||||||
|C170|2|1216|SEDA SMOKING DE LUXE PQNA PRET|1,00000|UN|70,00|0,00|0|000|1102|1102|70,00|17,00|11,90|0,00|0,00|0,00|0|||0,00|0,00|0,00||||||||||||||
|C170|3|1217|SEDA SMOKING KING SIZE MASTER|1,00000|UN|140,00|0,00|0|000|1102|1102|140,00|17,00|23,80|0,00|0,00|0,00|0|||0,00|0,00|0,00||||||||||||||
|C170|4|1215|SEDA SMOKING KUKUXUMUSU BY|1,00000|UN|140,00|0,00|0|000|1102|1102|140,00|17,00|23,80|0,00|0,00|0,00|0|||0,00|0,00|0,00||||||||||||||
|C170|5|1212|SEDA PURE HEMP VERDE (P)|1,00000|UN|65,00|0,00|0|000|1102|1102|65,00|17,00|11,05|0,00|0,00|0,00|0|||0,00|0,00|0,00||||||||||||||
|C170|6|1211|SEDA PURE HEMP KING SIZE|1,00000|CX|200,00|0,00|0|000|1102|1102|200,00|17,00|34,00|0,00|0,00|0,00|0|||0,00|0,00|0,00||||||||||||||
|C190|000|1102|17,00|680,00|680,00|115,60|0,00|0,00|0,00|0,00||
|C100|0|1|82973785000143|55|00|002|2296|42170682973785000143550020000022961429136662|27062017|28062017|262,87|2|0,00|0,00|252,69|9|0,00|0,00|0,00|127,32|21,64|187,16|10,18|0,00|||||
|C110|3|PEDIDO: 02224 / PEDIDO CLIENTE: .|
|C110|2|VAL. ICMS ST RETIDO ANT.: 10.18|
|C170|1|2923|BISC LUNA SUSPIRO 100G|1,00000|UN|28,52|0,00|0|060|1102|1102|0,00|0,00|0,00|0,00|0,00|0,00|0|||0,00|0,00|0,00||||||||||||||
|C170|2|3108|SALG LUNA ROSQUINHA POLV 90G|1,00000|UN|32,59|0,00|0|060|1102|1102|0,00|0,00|0,00|0,00|0,00|0,00|0|||0,00|0,00|0,00||||||||||||||
|C170|3|2994|AMENDOIM DOCE ESCURO LUNA 200|1,00000|UN|56,02|0,00|0|010|1102|1102|56,02|17,00|9,52|82,35|0,00|4,48|0|||0,00|0,00|0,00||||||||||||||
|C170|4|3111|AMENDOIM SALG LUNA 200G|1,00000|UN|71,30|0,00|0|010|1102|1102|71,30|17,00|12,12|104,81|0,00|5,70|0|||0,00|0,00|0,00||||||||||||||
|C170|5|2920|BISC LUNA FLOCOS ARROZ DC 100G|1,00000|UN|64,26|0,00|0|060|1102|1102|0,00|0,00|0,00|0,00|0,00|0,00|0|||0,00|0,00|0,00||||||||||||||
|C190|010|1102|17,00|137,50|127,32|21,64|187,16|10,18|0,00|0,00||
|C190|060|1102|0,00|125,37|0,00|0,00|0,00|0,00|0,00|0,00||
|C100|0|1|24122618000192|55|00|001|231|42170624122618000192550010000002311001009623|22062017|24062017|246,36|2|0,00|0,00|246,36|1|0,00|0,00|0,00|0,00|0,00|0,00|0,00|0,00|||||
|C110|3|Val Aprox dos Tributos R$ 145.02( 58.86%) Fonte: IBPT|
|C170|1|1243|SMIRNOFF ICE RED 275 ML|2,00000|UN|192,48|0,00|0|060|1102|1102|0,00|0,00|0,00|0,00|0,00|0,00|0|||0,00|0,00|0,00||||||||||||||
|C170|2|750|KEEP COOLER CLASSIC UVA|6,00000|UN|26,94|0,00|0|060|1102|1102|0,00|0,00|0,00|0,00|0,00|0,00|0|||0,00|0,00|0,00||||||||||||||
|C170|3|751|KEEP COOLER MORANGO CLASSIC|6,00000|UN|26,94|0,00|0|060|1102|1102|0,00|0,00|0,00|0,00|0,00|0,00|0|||0,00|0,00|0,00||||||||||||||
|C190|060|1102|0,00|246,36|0,00|0,00|0,00|0,00|0,00|0,00||
|C100|0|1|08766459000102|55|00|001|24384|42170608766459000102550010000243841000842040|06062017|07062017|261,93|2|0,00|0,00|258,39|9|0,00|0,00|3,54|0,00|0,00|0,00|0,00|0,00|||||
|C170|1|1192|SALGADOS 5.50|2,00000|UN|31,98|0,00|0|060|1102|1102|0,00|0,00|0,00|0,00|0,00|0,00|0|||0,00|0,00|0,00||||||||||||||
|C170|2|1192|SALGADOS 5.50|4,00000|UN|63,96|0,00|0|060|1102|1102|0,00|0,00|0,00|0,00|0,00|0,00|0|||0,00|0,00|0,00||||||||||||||
|C170|3|1192|SALGADOS 5.50|4,00000|UN|68,00|0,00|0|060|1102|1102|0,00|0,00|0,00|0,00|0,00|0,00|0|||0,00|0,00|0,00||||||||||||||
|C170|4|1192|SALGADOS 5.50|5,00000|UN|94,45|0,00|0|060|1102|1102|0,00|0,00|0,00|0,00|0,00|0,00|0|||0,00|0,00|0,00||||||||||||||
|C190|060|1102|0,00|261,93|0,00|0,00|0,00|0,00|0,00|0,00||
|C100|0|1|08766459000102|55|00|001|24583|42170608766459000102550010000245831000339393|13062017|14062017|289,91|2|0,00|0,00|285,99|0|0,00|0,00|0,00|0,00|0,00|309,14|3,92|0,00|||||
|C110|3|DOCUMENTO EMITIDO POR ME OU EPP OPTANTE PELO SIMPLES NACIONAL:NAO GERA DIREITO A CREDITO FISCAL DE IPI.;Permite aproveitamento de credito de ICMS no va|
|C110|2|VAL. ICMS ST RETIDO ANT.: 3.92|
|C170|1|1192|SALGADOS 5.50|2,00000|UN|31,98|0,00|0|010|1102|1102|0,00|0,00|0,00|34,57|0,00|0,44|0|||0,00|0,00|0,00||||||||||||||
|C170|2|1192|SALGADOS 5.50|2,00000|UN|31,98|0,00|0|010|1102|1102|0,00|0,00|0,00|34,57|0,00|0,44|0|||0,00|0,00|0,00||||||||||||||
|C170|3|1192|SALGADOS 5.50|2,00000|UN|31,98|0,00|0|010|1102|1102|0,00|0,00|0,00|34,57|0,00|0,44|0|||0,00|0,00|0,00||||||||||||||
|C170|4|1192|SALGADOS 5.50|2,00000|PCT|34,00|0,00|0|010|1102|1102|0,00|0,00|0,00|36,75|0,00|0,46|0|||0,00|0,00|0,00||||||||||||||
|C170|5|1192|SALGADOS 5.50|2,00000|PCT|34,00|0,00|0|010|1102|1102|0,00|0,00|0,00|36,75|0,00|0,46|0|||0,00|0,00|0,00||||||||||||||
|C170|6|1192|SALGADOS 5.50|5,00000|UN|94,45|0,00|0|010|1102|1102|0,00|0,00|0,00|102,10|0,00|1,30|0|||0,00|0,00|0,00||||||||||||||
|C170|7|1192|SALGADOS 5.50|1,00000|PCT|27,60|0,00|0|010|1102|1102|0,00|0,00|0,00|29,83|0,00|0,38|0|||0,00|0,00|0,00||||||||||||||
|C190|010|1102|0,00|289,91|0,00|0,00|309,14|3,92|0,00|0,00||
|C100|0|1|00473536000124|55|00|001|26383|42170600473536000124550010000263831842646004|13062017|14062017|222,02|2|0,00|0,00|222,02|0|0,00|0,00|0,00|61,04|10,38|0,00|0,00|0,00|||||
|C170|1|3651|SALGADINHO BAYCON 90G|40,00000|UN|110,00|0,00|0|060|1102|1102|0,00|0,00|0,00|0,00|0,00|0,00|0|||0,00|0,00|0,00||||||||||||||
|C170|2|68|AMENDOIM JAPONES DORI 70G|30,00000|UN|34,50|0,00|0|060|1102|1102|0,00|0,00|0,00|0,00|0,00|0,00|0|||0,00|0,00|0,00||||||||||||||
|C170|3|4806|DISQUETI DORI 18GR|1,00000|UN|16,48|0,00|0|060|1102|1102|0,00|0,00|0,00|0,00|0,00|0,00|0|||0,00|0,00|0,00||||||||||||||
|C170|4|663|GOMA GOMETS FRUTAS 10 UND|4,00000|UN|61,04|0,00|0|000|1102|1102|61,04|17,00|10,38|0,00|0,00|0,00|0|||0,00|0,00|0,00||||||||||||||
|C190|000|1102|17,00|61,04|61,04|10,38|0,00|0,00|0,00|0,00||
|C190|060|1102|0,00|160,98|0,00|0,00|0,00|0,00|0,00|0,00||
|C100|0|1|94234275001024|55|00|001|29112|42170694234275001024550010000291121071123789|21062017|23062017|2101,69|2|0,00|0,00|2101,69|0|0,00|0,00|0,00|2101,69|357,29|0,00|0,00|0,00|||||
|C110|3|SeqPed=7037155; SeqDocto=7112378; REV|
|C170|1|1533|ADIT STP CELSIUS ROSA 500ML|3,00000|UN|1278,15|0,00|0|000|1652|1652|1278,15|17,00|217,29|0,00|0,00|0,00|0|||0,00|0,00|0,00||||||||||||||
|C170|2|1534|ADIT STP CELSIUS VERDE 500ML|2,00000|UN|823,54|0,00|0|000|1652|1652|823,54|17,00|140,00|0,00|0,00|0,00|0|||0,00|0,00|0,00||||||||||||||
|C190|000|1652|17,00|2101,69|2101,69|357,29|0,00|0,00|0,00|0,00||
|C100|0|1|13852901000153|55|00|001|2935|42170613852901000153550010000029351684940265|07062017|08062017|71,16|2|0,00|0,00|67,50|9|0,00|0,00|3,66|0,00|0,00|0,00|0,00|0,00|||||
|C170|1|2208|BOMBOM TRUFADO BEIJINHO 50G|5,00000|UN|11,25|0,00|0|060|1102|1102|0,00|0,00|0,00|0,00|0,00|0,00|0|||0,00|0,00|0,00||||||||||||||
|C170|2|1653|BOMBOM TRUFADO BRIGADEIRO 50G|10,00000|UN|22,50|0,00|0|060|1102|1102|0,00|0,00|0,00|0,00|0,00|0,00|0|||0,00|0,00|0,00||||||||||||||
|C170|3|2035|BOMBOM TRUFADO COCO 50G|2,00000|UN|4,50|0,00|0|060|1102|1102|0,00|0,00|0,00|0,00|0,00|0,00|0|||0,00|0,00|0,00||||||||||||||
|C170|4|2199|BOMBOM TRUFADO DOIS AMORES 50G|5,00000|UN|11,25|0,00|0|060|1102|1102|0,00|0,00|0,00|0,00|0,00|0,00|0|||0,00|0,00|0,00||||||||||||||
|C170|5|1655|BOMBOM TRUFADO MARACUJA 50G|5,00000|UN|11,25|0,00|0|060|1102|1102|0,00|0,00|0,00|0,00|0,00|0,00|0|||0,00|0,00|0,00||||||||||||||
|C170|6|1656|BOMBOM TRUFADO NAPOLITANO 50G|3,00000|UN|6,75|0,00|0|060|1102|1102|0,00|0,00|0,00|0,00|0,00|0,00|0|||0,00|0,00|0,00||||||||||||||
|C190|060|1102|0,00|71,16|0,00|0,00|0,00|0,00|0,00|0,00||
|C100|0|1|85179687000127|55|00|002|324769|42170685179687000127550020003247691000001236|12062017|13062017|1280,90|2|0,00|0,00|1280,90|0|0,00|0,00|0,00|0,00|0,00|0,00|0,00|0,00|||||
|C110|3|Nome Fantasia: GRANDE PARADA MENEGATTI Vendedor: CLAUDIO IMP. RET. SUBST. TRIB. RICMS-SC/01 ANEXO 3 - BC ICMSST R$ 1.321,97 - VL ICMSST R$ 224,73|
|C170|1|7453|MAXON  15W40 20L|10,00000|UN|1280,90|0,00|0|060|1652|1652|0,00|0,00|0,00|0,00|0,00|0,00|0|||0,00|0,00|0,00||||||||||||||
|C190|060|1652|0,00|1280,90|0,00|0,00|0,00|0,00|0,00|0,00||
|C100|0|1|85179687000127|55|00|002|326096|42170685179687000127550020003260961000001234|22062017|23062017|1350,00|2|0,00|0,00|1350,00|0|0,00|0,00|0,00|0,00|0,00|0,00|0,00|0,00|||||
|C110|3|Nome Fantasia: GRANDE PARADA MENEGATTI Vendedor: CLAUDIO IMP. RET. SUBST. TRIB. RICMS-SC/01 ANEXO 3 - BC ICMSST R$ 1.446,55 - VL ICMSST R$ 245,91|
|C170|1|7453|MAXON  15W40 20L|10,00000|UN|1350,00|0,00|0|060|1652|1652|0,00|0,00|0,00|0,00|0,00|0,00|0|||0,00|0,00|0,00||||||||||||||
|C190|060|1652|0,00|1350,00|0,00|0,00|0,00|0,00|0,00|0,00||
|C100|0|1|03713820000119|01|00|001|35007||09062017|14062017|5630,00|2|0,00|0,00|5630,00|9|0,00|0,00|0,00|5630,00|957,10|0,00|0,00|0,00|||||
|C170|1|4043|PNEU 165 70X13 MICH. REF.|4,00000|UN|440,00|0,00|0|000|2102|2102|440,00|17,00|74,80|0,00|0,00|0,00|0|||0,00|0,00|0,00||||||||||||||
|C170|2|4591|PNEU 175 70X13 CONT. REF|3,00000|UN|360,00|0,00|0|000|2102|2102|360,00|17,00|61,20|0,00|0,00|0,00|0|||0,00|0,00|0,00||||||||||||||
|C170|3|4045|PNEU 175 65X14 ASSURANCE REF|6,00000|UN|780,00|0,00|0|000|2102|2102|780,00|17,00|132,60|0,00|0,00|0,00|0|||0,00|0,00|0,00||||||||||||||
|C170|4|4044|PNEU 185 60X14 EXCELL REF|2,00000|UN|270,00|0,00|0|000|2102|2102|270,00|17,00|45,90|0,00|0,00|0,00|0|||0,00|0,00|0,00||||||||||||||
|C170|5|7580|PNEU 185 60X15 RD -P1|4,00000|UN|480,00|0,00|0|000|2102|2102|480,00|17,00|81,60|0,00|0,00|0,00|0|||0,00|0,00|0,00||||||||||||||
|C170|6|4048|PNEU 195 55X15 TOYO REF|4,00000|UN|480,00|0,00|0|000|2102|2102|480,00|17,00|81,60|0,00|0,00|0,00|0|||0,00|0,00|0,00||||||||||||||
|C170|7|7581|PNEU 195 55X16 RDP - 1|4,00000|UN|480,00|0,00|0|010|2102|2102|480,00|17,00|81,60|0,00|0,00|0,00|0|||0,00|0,00|0,00||||||||||||||
|C170|8|4049|PNEU 195 60X15 POTENZA 740 REF|2,00000|UN|240,00|0,00|0|000|2102|2102|240,00|17,00|40,80|0,00|0,00|0,00|0|||0,00|0,00|0,00||||||||||||||
|C170|9|7582|PNEU 205 55X16 RD6 RM|8,00000|UN|960,00|0,00|0|000|2102|2102|960,00|17,00|163,20|0,00|0,00|0,00|0|||0,00|0,00|0,00||||||||||||||
|C170|10|7583|PNEU 235 60X17 RD - LE RM|4,00000|UN|600,00|0,00|0|000|2102|2102|600,00|17,00|102,00|0,00|0,00|0,00|0|||0,00|0,00|0,00||||||||||||||
|C170|11|4051|PNEU 245 70X16 ATR REF|2,00000|UN|540,00|0,00|0|000|2102|2102|540,00|17,00|91,80|0,00|0,00|0,00|0|||0,00|0,00|0,00||||||||||||||
|C190|000|2102|17,00|5150,00|5150,00|875,50|0,00|0,00|0,00|0,00||
|C190|010|2102|17,00|480,00|480,00|81,60|0,00|0,00|0,00|0,00||
|C100|0|1|79508156000138|55|00|001|354005|42170679508156000138550010003540051034656857|14062017|16062017|237,99|2|0,00|0,00|237,99|0|0,00|0,00|0,00|0,00|0,00|0,00|0,00|0,00|||||
|C110|3|\l Fantasia: 22284 - POSTO JUNINHO - Horario:  - Prox: ESQUINA MANOEL FERREIRA \l FORMA PAGTO: BOLETO BANCARIO -  Pedido: 474711 \l Base Calc ICMS ST:|
|C170|1|2773|PICOLE NESTLE CONE SENSACAO 74G|1,00000|UN|79,33|0,00|0|060|1102|1102|0,00|0,00|0,00|0,00|0,00|0,00|0|||0,00|0,00|0,00||||||||||||||
|C170|2|1776|PICOLE NESTLE CONE LOLLO 77G|1,00000|UN|79,33|0,00|0|060|1102|1102|0,00|0,00|0,00|0,00|0,00|0,00|0|||0,00|0,00|0,00||||||||||||||
|C170|3|6147|PICOLE NESTLE CONE SERENATA|1,00000|UN|79,33|0,00|0|060|1102|1102|0,00|0,00|0,00|0,00|0,00|0,00|0|||0,00|0,00|0,00||||||||||||||
|C190|060|1102|0,00|237,99|0,00|0,00|0,00|0,00|0,00|0,00||
|C100|0|1|61186888017592|01|00|001|3542||08062017|08062017|640,44|2|0,00|0,00|613,95|9|0,00|0,00|26,49|0,00|0,00|0,00|0,00|0,00|||||
|C170|1|499|DELVALLE GOIABA 335 ML|1,00000|CX|14,94|0,00|0|060|1102|1102|0,00|0,00|0,00|0,00|0,00|0,00|0|||0,00|0,00|0,00||||||||||||||
|C170|2|502|DELVALLE PESSEGO 335ML|1,00000|CX|14,94|0,00|0|060|1102|1102|0,00|0,00|0,00|0,00|0,00|0,00|0|||0,00|0,00|0,00||||||||||||||
|C170|3|505|DELVALLE+MANGA 335 ML|1,00000|UN|14,94|0,00|0|060|1102|1102|0,00|0,00|0,00|0,00|0,00|0,00|0|||0,00|0,00|0,00||||||||||||||
|C170|4|503|DELVALLE UVA 335 ML|1,00000|CX|14,94|0,00|0|060|1102|1102|0,00|0,00|0,00|0,00|0,00|0,00|0|||0,00|0,00|0,00||||||||||||||
|C170|5|743|CERV. KAISER LATAO 473 ML|10,00000|UN|218,20|0,00|0|060|1102|1102|0,00|0,00|0,00|0,00|0,00|0,00|0|||0,00|0,00|0,00||||||||||||||
|C170|6|869|MATE LEAO POWER ACAI|3,00000|UN|66,50|0,00|0|060|1102|1102|0,00|0,00|0,00|0,00|0,00|0,00|0|||0,00|0,00|0,00||||||||||||||
|C170|7|1249|SOL PREMIUM LN NOVA|1,00000|UN|70,05|0,00|0|060|1102|1102|0,00|0,00|0,00|0,00|0,00|0,00|0|||0,00|0,00|0,00||||||||||||||
|C170|8|493|DEL VALLE MAIS MARACUJA 335ML|1,00000|CX|14,94|0,00|0|060|1102|1102|0,00|0,00|0,00|0,00|0,00|0,00|0|||0,00|0,00|0,00||||||||||||||
|C170|9|5391|CERV. HEINEKEN LONG NECK 330ML|2,00000|UN|0,30|0,00|0|060|1102|1102|0,00|0,00|0,00|0,00|0,00|0,00|0|||0,00|0,00|0,00||||||||||||||
|C170|10|5812|ENERGETICO MONSTER 473ML|6,00000|UN|184,20|0,00|0|060|1102|1102|0,00|0,00|0,00|0,00|0,00|0,00|0|||0,00|0,00|0,00||||||||||||||
|C190|060|1102|0,00|640,44|0,00|0,00|0,00|0,00|0,00|0,00||
|C100|0|1|85266005000113|55|00|011|358697|42170685266005000113550110003586971111005066|05062017|07062017|382,51|2|0,00|0,00|382,51|9|0,00|0,00|0,00|314,68|53,51|0,00|0,00|0,00|||||
|C170|1|7201|CHOC. LACTA SONHO DE VALSA 90GR|1,00000|UN|67,83|0,00|0|060|1102|1102|0,00|0,00|0,00|0,00|0,00|0,00|0|||0,00|0,00|0,00||||||||||||||
|C170|2|1388|TRIDENT 14S C/12 INTENSE|2,00000|UN|56,74|0,00|0|000|1102|1102|56,74|17,00|9,65|0,00|0,00|0,00|0|||0,00|0,00|0,00||||||||||||||
|C170|3|1389|TRIDENT 14S C/12 MELANCIA|3,00000|UN|85,11|0,00|0|000|1102|1102|85,11|17,00|14,47|0,00|0,00|0,00|0|||0,00|0,00|0,00||||||||||||||
|C170|4|1390|TRIDENT 14S C/12 MENTA|3,00000|UN|85,11|0,00|0|000|1102|1102|85,11|17,00|14,47|0,00|0,00|0,00|0|||0,00|0,00|0,00||||||||||||||
|C170|5|1397|TRIDENT HORTELA|2,00000|UN|43,86|0,00|0|000|1102|1102|43,86|17,00|7,46|0,00|0,00|0,00|0|||0,00|0,00|0,00||||||||||||||
|C170|6|1400|TRIDENT MENTA|2,00000|UN|43,86|0,00|0|000|1102|1102|43,86|17,00|7,46|0,00|0,00|0,00|0|||0,00|0,00|0,00||||||||||||||
|C190|000|1102|17,00|314,68|314,68|53,51|0,00|0,00|0,00|0,00||
|C190|060|1102|0,00|67,83|0,00|0,00|0,00|0,00|0,00|0,00||
|C100|0|1|85266005000113|55|00|011|362817|42170685266005000113550110003628171111012069|12062017|12062017|399,40|2|0,00|0,00|399,40|9|0,00|0,00|0,00|0,00|0,00|0,00|0,00|0,00|||||
|C110|3|CLIENTE GRANDE PARADA NENEGATTI137766 CARGA 440851PEDIDO 191005508 TRANSACAO 878682 ROTA 9VENDEDOR 191JUNIOR FRANCISCO CUNHA FERREIRA PAGAMENTO BOLETO|
|C170|1|5195|BIS XTRA OREO45G|3,00000|UN|94,29|0,00|0|060|1102|1102|0,00|0,00|0,00|0,00|0,00|0,00|0|||0,00|0,00|0,00||||||||||||||
|C170|2|5289|CHOC. BIS XTRA 45G|3,00000|UN|94,29|0,00|0|060|1102|1102|0,00|0,00|0,00|0,00|0,00|0,00|0|||0,00|0,00|0,00||||||||||||||
|C170|3|2300|LACTA 5 STAR|2,00000|UN|50,98|0,00|0|060|1102|1102|0,00|0,00|0,00|0,00|0,00|0,00|0|||0,00|0,00|0,00||||||||||||||
|C170|4|2175|LACTA AO LEITE 20GR|2,00000|UN|39,96|0,00|0|060|1102|1102|0,00|0,00|0,00|0,00|0,00|0,00|0|||0,00|0,00|0,00||||||||||||||
|C170|5|512|CHOC. DIAMANTE NEGRO 20G|2,00000|UN|39,96|0,00|0|060|1102|1102|0,00|0,00|0,00|0,00|0,00|0,00|0|||0,00|0,00|0,00||||||||||||||
|C170|6|794|LAKA 20G|2,00000|UN|39,96|0,00|0|060|1102|1102|0,00|0,00|0,00|0,00|0,00|0,00|0|||0,00|0,00|0,00||||||||||||||
|C170|7|5197|LAKA OERO 20G|2,00000|UN|39,96|0,00|0|060|1102|1102|0,00|0,00|0,00|0,00|0,00|0,00|0|||0,00|0,00|0,00||||||||||||||
|C190|060|1102|0,00|399,40|0,00|0,00|0,00|0,00|0,00|0,00||
|C100|0|1|85266005000113|55|00|011|366074|42170685266005000113550110003660741111016065|16062017|16062017|2039,20|2|0,00|0,00|2039,20|9|0,00|0,00|0,00|0,00|0,00|0,00|0,00|0,00|||||
|C110|3|CLIENTE GRANDE PARADA NENEGATTI137766 CARGA 448106PEDIDO 191005572 TRANSACAO 882166 ROTA 9VENDEDOR 191JUNIOR FRANCISCO CUNHA FERREIRA PAGAMENTO BOLETO|
|C170|1|2300|LACTA 5 STAR|80,00000|UN|2039,20|0,00|0|060|1102|1102|0,00|0,00|0,00|0,00|0,00|0,00|0|||0,00|0,00|0,00||||||||||||||
|C190|060|1102|0,00|2039,20|0,00|0,00|0,00|0,00|0,00|0,00||
|C100|0|1|85266005000113|55|00|011|366088|42170685266005000113550110003660881111016060|16062017|16062017|285,09|2|0,00|0,00|285,09|9|0,00|0,00|0,00|285,09|48,46|0,00|0,00|0,00|||||
|C110|3|CLIENTE GRANDE PARADA NENEGATTI137766 CARGA 448106PEDIDO 191005573 TRANSACAO 882180 ROTA 9VENDEDOR 191JUNIOR FRANCISCO CUNHA FERREIRA PAGAMENTO BONIFIC|
|C170|1|1392|TRIDENT FRESH CEREJA ICE|4,00000|UN|87,72|0,00|0|000|1910|1910|87,72|17,00|14,91|0,00|0,00|0,00|0|||0,00|0,00|0,00||||||||||||||
|C170|2|1396|TRIDENT HERBAL FRESH|2,00000|UN|43,86|0,00|0|000|1910|1910|43,86|17,00|7,46|0,00|0,00|0,00|0|||0,00|0,00|0,00||||||||||||||
|C170|3|1398|TRIDENT INTENSE|4,00000|UN|87,72|0,00|0|000|1910|1910|87,72|17,00|14,91|0,00|0,00|0,00|0|||0,00|0,00|0,00||||||||||||||
|C170|4|4749|TRIDENT FRESH LIMAO ICE|3,00000|UN|65,79|0,00|0|000|1910|1910|65,79|17,00|11,18|0,00|0,00|0,00|0|||0,00|0,00|0,00||||||||||||||
|C190|000|1910|17,00|285,09|285,09|48,46|0,00|0,00|0,00|0,00||
|C100|0|1|85266005000113|55|00|011|366733|42170685266005000113550110003667331111019060|19062017|19062017|1247,47|2|0,00|0,00|1247,47|9|0,00|0,00|0,00|899,48|152,90|0,00|0,00|0,00|||||
|C110|3|CLIENTE GRANDE PARADA NENEGATTI137766 CARGA 448106PEDIDO 191005582 TRANSACAO 882838 ROTA 9VENDEDOR 191JUNIOR FRANCISCO CUNHA FERREIRA PAGAMENTO BOLETO|
|C170|1|684|HALLS CEREJA|2,00000|UN|29,72|0,00|0|000|1102|1102|29,72|17,00|5,05|0,00|0,00|0,00|0|||0,00|0,00|0,00||||||||||||||
|C170|2|686|HALLS EXTRA FORTE|2,00000|UN|29,72|0,00|0|000|1102|1102|29,72|17,00|5,05|0,00|0,00|0,00|0|||0,00|0,00|0,00||||||||||||||
|C170|3|687|HALLS MELANCIA-LYPTUS|2,00000|UN|29,72|0,00|0|000|1102|1102|29,72|17,00|5,05|0,00|0,00|0,00|0|||0,00|0,00|0,00||||||||||||||
|C170|4|688|HALLS MENTA|2,00000|UN|29,72|0,00|0|000|1102|1102|29,72|17,00|5,05|0,00|0,00|0,00|0|||0,00|0,00|0,00||||||||||||||
|C170|5|690|HALLS MENTHOL/EUCALIPTO|2,00000|UN|29,72|0,00|0|000|1102|1102|29,72|17,00|5,05|0,00|0,00|0,00|0|||0,00|0,00|0,00||||||||||||||
|C170|6|694|HALLS MORANGO|2,00000|UN|29,72|0,00|0|000|1102|1102|29,72|17,00|5,05|0,00|0,00|0,00|0|||0,00|0,00|0,00||||||||||||||
|C170|7|700|HALLS UVA VERDE|2,00000|UN|29,72|0,00|0|000|1102|1102|29,72|17,00|5,05|0,00|0,00|0,00|0|||0,00|0,00|0,00||||||||||||||
|C170|8|1250|SONHO DE VALSA BOMBOM|5,00000|UN|144,50|0,00|0|060|1102|1102|0,00|0,00|0,00|0,00|0,00|0,00|0|||0,00|0,00|0,00||||||||||||||
|C170|9|5628|CHOCOLATE LAKA 90G|1,00000|UN|67,83|0,00|0|060|1102|1102|0,00|0,00|0,00|0,00|0,00|0,00|0|||0,00|0,00|0,00||||||||||||||
|C170|10|7202|CHOC. LACTA SONHO OREO 90GR|1,00000|UN|67,83|0,00|0|060|1102|1102|0,00|0,00|0,00|0,00|0,00|0,00|0|||0,00|0,00|0,00||||||||||||||
|C170|11|5888|SHOT 90G|1,00000|UN|67,83|0,00|0|060|1102|1102|0,00|0,00|0,00|0,00|0,00|0,00|0|||0,00|0,00|0,00||||||||||||||
|C170|12|1407|TRIDENT UNL MENTA|4,00000|UN|100,72|0,00|0|000|1102|1102|100,72|17,00|17,12|0,00|0,00|0,00|0|||0,00|0,00|0,00||||||||||||||
|C170|13|1389|TRIDENT 14S C/12 MELANCIA|4,00000|UN|113,48|0,00|0|000|1102|1102|113,48|17,00|19,29|0,00|0,00|0,00|0|||0,00|0,00|0,00||||||||||||||
|C170|14|1390|TRIDENT 14S C/12 MENTA|6,00000|UN|170,22|0,00|0|000|1102|1102|170,22|17,00|28,94|0,00|0,00|0,00|0|||0,00|0,00|0,00||||||||||||||
|C170|15|7383|TRIDENT MIX CANELA+HORTEA|1,00000|UN|21,93|0,00|0|000|1102|1102|21,93|17,00|3,73|0,00|0,00|0,00|0|||0,00|0,00|0,00||||||||||||||
|C170|16|7318|TRIDENT TANGERINA LARANJA 8G|1,00000|UN|21,93|0,00|0|000|1102|1102|21,93|17,00|3,73|0,00|0,00|0,00|0|||0,00|0,00|0,00||||||||||||||
|C170|17|1397|TRIDENT HORTELA|3,00000|CX|65,79|0,00|0|000|1102|1102|65,79|17,00|11,18|0,00|0,00|0,00|0|||0,00|0,00|0,00||||||||||||||
|C170|18|1399|TRIDENT MELANCIA|2,00000|UN|43,86|0,00|0|000|1102|1102|43,86|17,00|7,46|0,00|0,00|0,00|0|||0,00|0,00|0,00||||||||||||||
|C170|19|1400|TRIDENT MENTA|3,00000|UN|65,79|0,00|0|000|1102|1102|65,79|17,00|11,18|0,00|0,00|0,00|0|||0,00|0,00|0,00||||||||||||||
|C170|20|1401|TRIDENT MORANGO|2,00000|UN|43,86|0,00|0|000|1102|1102|43,86|17,00|7,46|0,00|0,00|0,00|0|||0,00|0,00|0,00||||||||||||||
|C170|21|1404|TRIDENT TUTI FRUTI|2,00000|UN|43,86|0,00|0|200|1102|1102|43,86|17,00|7,46|0,00|0,00|0,00|0|||0,00|0,00|0,00||||||||||||||
|C190|000|1102|17,00|855,62|855,62|145,44|0,00|0,00|0,00|0,00||
|C190|200|1102|17,00|43,86|43,86|7,46|0,00|0,00|0,00|0,00||
|C190|060|1102|0,00|347,99|0,00|0,00|0,00|0,00|0,00|0,00||
|C100|0|1|85266005000113|55|00|011|366741|42170685266005000113550110003667411111019061|19062017|19062017|43,86|2|0,00|0,00|43,86|9|0,00|0,00|0,00|43,86|7,46|0,00|0,00|0,00|||||
|C110|3|CLIENTE GRANDE PARADA NENEGATTI137766 CARGA 448106PEDIDO 191005583 TRANSACAO 882848 ROTA 9VENDEDOR 191JUNIOR FRANCISCO CUNHA FERREIRA PAGAMENTO BONIFIC|
|C170|1|1404|TRIDENT TUTI FRUTI|2,00000|UN|43,86|0,00|0|200|1910|1910|43,86|17,00|7,46|0,00|0,00|0,00|0|||0,00|0,00|0,00||||||||||||||
|C190|200|1910|17,00|43,86|43,86|7,46|0,00|0,00|0,00|0,00||
|C100|0|1|85266005000113|55|00|011|371523|42170685266005000113550110003715231111026060|26062017|26062017|198,22|2|0,00|0,00|198,22|9|0,00|0,00|0,00|0,00|0,00|0,00|0,00|0,00|||||
|C110|3|CLIENTE GRANDE PARADA NENEGATTI137766 CARGA 448106PEDIDO 191005649 TRANSACAO 887904 ROTA 9VENDEDOR 191JUNIOR FRANCISCO CUNHA FERREIRA PAGAMENTO BOLETO|
|C170|1|6949|LACTA OREO EDICAO LIMITADA 222,8G|17,00000|UN|198,22|0,00|0|060|1102|1102|0,00|0,00|0,00|0,00|0,00|0,00|0|||0,00|0,00|0,00||||||||||||||
|C190|060|1102|0,00|198,22|0,00|0,00|0,00|0,00|0,00|0,00||
|C100|0|1|85266005000113|55|00|011|371533|42170685266005000113550110003715331111026066|26062017|26062017|195,44|2|0,00|0,00|195,44|9|0,00|0,00|0,00|43,86|7,46|0,00|0,00|0,00|||||
|C110|3|CLIENTE GRANDE PARADA NENEGATTI137766 CARGA 448106PEDIDO 191005650 TRANSACAO 887915 ROTA 9VENDEDOR 191JUNIOR FRANCISCO CUNHA FERREIRA PAGAMENTO BONIFIC|
|C170|1|6950|LACTA BRANCOS EDICAO LIMITADA 215G|13,00000|UN|151,58|0,00|0|060|1910|1910|0,00|0,00|0,00|0,00|0,00|0,00|0|||0,00|0,00|0,00||||||||||||||
|C170|2|1404|TRIDENT TUTI FRUTI|2,00000|UN|43,86|0,00|0|200|1910|1910|43,86|17,00|7,46|0,00|0,00|0,00|0|||0,00|0,00|0,00||||||||||||||
|C190|060|1910|0,00|151,58|0,00|0,00|0,00|0,00|0,00|0,00||
|C190|200|1910|17,00|43,86|43,86|7,46|0,00|0,00|0,00|0,00||
|C100|0|1|81306094000123|55|00|001|38392|42170681306094000123550010000383921930643995|06062017|07062017|204,08|2|0,00|0,00|192,00|9|0,00|0,00|12,08|0,00|0,00|0,00|0,00|0,00|||||
|C170|1|1192|SALGADOS 5.50|6,00000|UN|192,00|0,00|0|060|1102|1102|0,00|0,00|0,00|0,00|0,00|0,00|0|||0,00|0,00|0,00||||||||||||||
|C190|060|1102|0,00|204,08|0,00|0,00|0,00|0,00|0,00|0,00||
|C100|0|1|81306094000123|55|00|001|38734|42170681306094000123550010000387341065058934|13062017|14062017|237,55|2|0,00|0,00|224,00|0|0,00|0,00|0,00|0,00|0,00|303,68|13,55|0,00|||||
|C110|3|DOCUMENTO EMITIDO POR ME OPTANTE PELO SIMPLES NACIONAL "PERMITE APROVEITAMENTO DO CREDITO DE ICMS NO VALOR DE R$ 7,79 CORRESPONDENTE A ALIQUOTA DE 3,48|
|C110|2|VAL. ICMS ST RETIDO ANT.: 13.55|
|C170|1|1192|SALGADOS 5.50|6,00000|UN|192,00|0,00|0|010|1102|1102|0,00|0,00|0,00|263,04|0,00|12,08|0|||0,00|0,00|0,00||||||||||||||
|C170|2|7589|MINI CHURROS UNIDADE|2,00000|PCT|32,00|0,00|0|010|1102|1102|0,00|0,00|0,00|40,64|0,00|1,47|0|||0,00|0,00|0,00||||||||||||||
|C190|010|1102|0,00|237,55|0,00|0,00|303,68|13,55|0,00|0,00||
|C100|0|1|03395151000184|55|00|001|39227|42170603395151000184550010000392271030155963|01062017|02062017|117,00|2|0,00|0,00|117,00|0|0,00|0,00|0,00|0,00|0,00|0,00|0,00|0,00|||||
|C110|3|>>> Cond. Pgto.: PRAZO 6 DIAS 1. 08/06/2017=R$ 117,00 Vendedor: LEANDRO Romaneio: 002954|
|C170|1|1790|SUCO DE LARANJA PRATS 900ML|18,00000|UN|117,00|0,00|0|060|1102|1102|0,00|0,00|0,00|0,00|0,00|0,00|0|||0,00|0,00|0,00||||||||||||||
|C190|060|1102|0,00|117,00|0,00|0,00|0,00|0,00|0,00|0,00||
|C100|0|1|81306094000123|55|00|001|39306|42170681306094000123550010000393061485765640|27062017|28062017|271,02|2|0,00|0,00|256,00|0|0,00|0,00|0,00|0,00|0,00|344,32|15,02|0,00|||||
|C110|3|DOCUMENTO EMITIDO POR ME OPTANTE PELO SIMPLES NACIONAL "PERMITE APROVEITAMENTO DO CREDITO DE ICMS NO VALOR DE R$ 8,91 CORRESPONDENTE A ALIQUOTA DE 3,48|
|C110|2|VAL. ICMS ST RETIDO ANT.: 15.02|
|C170|1|1192|SALGADOS 5.50|6,00000|UN|192,00|0,00|0|010|1102|1102|0,00|0,00|0,00|263,04|0,00|12,08|0|||0,00|0,00|0,00||||||||||||||
|C170|2|7589|MINI CHURROS UNIDADE|4,00000|PCT|64,00|0,00|0|010|1102|1102|0,00|0,00|0,00|81,28|0,00|2,94|0|||0,00|0,00|0,00||||||||||||||
|C190|010|1102|0,00|271,02|0,00|0,00|344,32|15,02|0,00|0,00||
|C100|0|1|03395151000184|55|00|001|39561|42170603395151000184550010000395611200132096|08062017|09062017|147,60|2|0,00|0,00|147,60|9|0,00|0,00|0,00|0,00|0,00|0,00|0,00|0,00|||||
|C170|1|1277|SUCO DE LARANJA PRATS 330ML|36,00000|UN|108,00|0,00|0|060|1102|1102|0,00|0,00|0,00|0,00|0,00|0,00|0|||0,00|0,00|0,00||||||||||||||
|C170|2|1278|SUCO DE UVA PRATS 330ML|12,00000|UN|39,60|0,00|0|060|1102|1102|0,00|0,00|0,00|0,00|0,00|0,00|0|||0,00|0,00|0,00||||||||||||||
|C190|060|1102|0,00|147,60|0,00|0,00|0,00|0,00|0,00|0,00||
|C100|0|1|03395151000184|55|00|001|39871|42170603395151000184550010000398711298215273|14062017|16062017|114,00|2|0,00|0,00|114,00|0|0,00|0,00|0,00|0,00|0,00|0,00|0,00|0,00|||||
|C110|3|>>> Cond. Pgto.: PRAZO 6 DIAS 1. 22/06/2017=R$ 114,00 Vendedor: LEANDRO Romaneio: 003051|
|C170|1|1277|SUCO DE LARANJA PRATS 330ML|12,00000|UN|36,00|0,00|0|060|1102|1102|0,00|0,00|0,00|0,00|0,00|0,00|0|||0,00|0,00|0,00||||||||||||||
|C170|2|1790|SUCO DE LARANJA PRATS 900ML|12,00000|UN|78,00|0,00|0|060|1102|1102|0,00|0,00|0,00|0,00|0,00|0,00|0|||0,00|0,00|0,00||||||||||||||
|C190|060|1102|0,00|114,00|0,00|0,00|0,00|0,00|0,00|0,00||
|C100|0|1|03395151000184|55|00|001|40192|42170603395151000184550010000401921324522756|22062017|23062017|186,00|2|0,00|0,00|186,00|0|0,00|0,00|0,00|0,00|0,00|0,00|0,00|0,00|||||
|C110|3|>>> Cond. Pgto.: PRAZO 6 DIAS 1. 29/06/2017=R$ 186,00 Vendedor: LEANDRO Romaneio: 003080|
|C170|1|1277|SUCO DE LARANJA PRATS 330ML|36,00000|UN|108,00|0,00|0|060|1102|1102|0,00|0,00|0,00|0,00|0,00|0,00|0|||0,00|0,00|0,00||||||||||||||
|C170|2|1790|SUCO DE LARANJA PRATS 900ML|12,00000|UN|78,00|0,00|0|060|1102|1102|0,00|0,00|0,00|0,00|0,00|0,00|0|||0,00|0,00|0,00||||||||||||||
|C190|060|1102|0,00|186,00|0,00|0,00|0,00|0,00|0,00|0,00||
|C100|0|1|03395151000184|55|00|001|40493|42170603395151000184550010000404931152433380|29062017|30062017|189,00|2|0,00|0,00|189,00|0|0,00|0,00|0,00|0,00|0,00|0,00|0,00|0,00|||||
|C110|3|>>> Cond. Pgto.: PRAZO 6 DIAS 1. 06/07/2017=R$ 189,00 Vendedor: LEANDRO Romaneio: 003137|
|C170|1|1277|SUCO DE LARANJA PRATS 330ML|24,00000|UN|72,00|0,00|0|060|1102|1102|0,00|0,00|0,00|0,00|0,00|0,00|0|||0,00|0,00|0,00||||||||||||||
|C170|2|1790|SUCO DE LARANJA PRATS 900ML|18,00000|UN|117,00|0,00|0|060|1102|1102|0,00|0,00|0,00|0,00|0,00|0,00|0|||0,00|0,00|0,00||||||||||||||
|C190|060|1102|0,00|189,00|0,00|0,00|0,00|0,00|0,00|0,00||
|C100|0|1|05304132000120|55|00|001|4107|42170605304132000120550010000041071125885737|13062017|14062017|105,00|2|0,00|0,00|105,00|9|0,00|0,00|0,00|0,00|0,00|0,00|0,00|0,00|||||
|C110|3|CLIENTE: 24-POSTO GRANDE PARADA NORTE;"EMPRESA OPTANTE PELO SIMPLES NACIONAL - NOTA EMITIDA NOS TERMOS DO ART 58, 3 DA RESOLUCAO N. 94/11".;Val. Aprox.|
|C170|1|5564|AGUA OURO FINO FITNESS 510 ML|6,00000|UN|105,00|0,00|0|060|1102|1102|0,00|0,00|0,00|0,00|0,00|0,00|0|||0,00|0,00|0,00||||||||||||||
|C190|060|1102|0,00|105,00|0,00|0,00|0,00|0,00|0,00|0,00||
|C100|0|1|05817053000113|55|00|001|44512|41170605817053000113550010000445121000053083|05062017|08062017|4063,21|2|0,00|0,00|3208,80|9|0,00|0,00|0,00|3208,80|545,49|5025,93|854,41|0,00|||||
|C110|2|VAL. ICMS ST RETIDO ANT.: 854.41|
|C170|1|6811|PETRONAS SPRINTA 4T|96,00000|UN|888,00|0,00|0|010|2652|2652|888,00|17,00|150,96|1390,87|0,00|236,45|0|||0,00|0,00|0,00||||||||||||||
|C170|2|6742|OLEO SYNTEX 5W30|48,00000|UN|489,60|0,00|0|010|2652|2652|489,60|17,00|83,23|766,86|0,00|130,37|0|||0,00|0,00|0,00||||||||||||||
|C170|3|2155|LION SINTETICO SAE 5W30 1LT|48,00000|L|703,20|0,00|0|010|2652|2652|703,20|17,00|119,54|1101,42|0,00|187,24|0|||0,00|0,00|0,00||||||||||||||
|C170|4|829|LUBRAX ESSESNCIAL 2T 200ML CHAPADAO|80,00000|UN|180,00|0,00|0|010|2652|2652|180,00|17,00|30,60|281,93|0,00|47,93|0|||0,00|0,00|0,00||||||||||||||
|C170|5|7535|OLEO LION API SL SAE 20W50 1L|120,00000|UN|948,00|0,00|0|010|2652|2652|948,00|17,00|161,16|1484,85|0,00|252,42|0|||0,00|0,00|0,00||||||||||||||
|C190|010|2652|17,00|4063,21|3208,80|545,49|5025,93|854,41|0,00|0,00||
|C100|0|1|05817053000113|55|00|001|44612|41170605817053000113550010000446121000053089|09062017|12062017|1944,99|2|0,00|0,00|1536,00|0|0,00|0,00|0,00|0,00|0,00|2405,84|408,99|0,00|||||
|C110|2|VAL. ICMS ST RETIDO ANT.: 408.99|
|C170|1|1525|OLEO LUBRAX 2T 500ML|120,00000|UN|624,00|0,00|0|030|2652|2652|0,00|0,00|0,00|977,37|0,00|166,15|0|||0,00|0,00|0,00||||||||||||||
|C170|2|1965|VR MAULTIFLEX SUPER 10W40|96,00000|UN|912,00|0,00|0|030|2652|2652|0,00|0,00|0,00|1428,47|0,00|242,84|0|||0,00|0,00|0,00||||||||||||||
|C190|030|2652|0,00|1944,99|0,00|0,00|2405,84|408,99|0,00|0,00||
|C100|0|1|05817053000113|55|00|001|44803|41170605817053000113550010000448031000053080|20062017|23062017|2016,40|2|0,00|0,00|1592,40|0|0,00|0,00|0,00|0,00|0,00|2494,17|424,00|0,00|||||
|C110|2|VAL. ICMS ST RETIDO ANT.: 424.0|
|C170|1|1965|VR MAULTIFLEX SUPER 10W40|72,00000|UN|648,00|0,00|0|030|2652|2652|0,00|0,00|0,00|1014,96|0,00|172,54|0|||0,00|0,00|0,00||||||||||||||
|C170|2|2632|LUBRAX TOP TURBO 15W40 3L|12,00000|UN|397,20|0,00|0|030|2652|2652|0,00|0,00|0,00|622,13|0,00|105,76|0|||0,00|0,00|0,00||||||||||||||
|C170|3|2633|LUBRAX TOP TURBO 15W40 1L CHAPADAO|48,00000|UN|547,20|0,00|0|030|2652|2652|0,00|0,00|0,00|857,08|0,00|145,70|0|||0,00|0,00|0,00||||||||||||||
|C190|030|2652|0,00|2016,40|0,00|0,00|2494,17|424,00|0,00|0,00||
|C100|0|1|27655391000139|55|00|001|48|42170627655391000139550010000000481802658340|06062017|07062017|93,60|2|0,00|0,00|93,60|9|0,00|0,00|0,00|0,00|0,00|0,00|0,00|0,00|||||
|C170|1|6567|AGUA SERRA DA GRACIOSA SEM GAS  1,5ML|10,00000|PCT|93,60|0,00|0|060|1102|1102|0,00|0,00|0,00|0,00|0,00|0,00|0|||0,00|0,00|0,00||||||||||||||
|C190|060|1102|0,00|93,60|0,00|0,00|0,00|0,00|0,00|0,00||
|C100|0|1|61186888017592|01|00|001|485||02062017|05062017|772,72|2|0,00|0,00|721,43|9|51,29|0,00|0,00|0,00|0,00|0,00|0,00|0,00|||||
|C170|1|1258|REFRI SPRITE 600ML|2,00000|UN|54,37|0,00|0|060|1102|1102|0,00|0,00|0,00|0,00|0,00|0,00|0|||0,00|0,00|0,00||||||||||||||
|C170|2|424|COCA COLA 2 LT|5,00000|UN|194,37|0,00|0|060|1102|1102|0,00|0,00|0,00|0,00|0,00|0,00|0|||0,00|0,00|0,00||||||||||||||
|C170|3|744|CERV. KAISER LATA 350 ML|11,00000|UN|178,12|0,00|0|060|1102|1102|0,00|0,00|0,00|0,00|0,00|0,00|0|||0,00|0,00|0,00||||||||||||||
|C170|4|716|I9 LIMAO|1,00000|CX|17,42|0,00|0|060|1102|1102|0,00|0,00|0,00|0,00|0,00|0,00|0|||0,00|0,00|0,00||||||||||||||
|C170|5|717|I9 TANGERINA|1,00000|CX|17,42|0,00|0|060|1102|1102|0,00|0,00|0,00|0,00|0,00|0,00|0|||0,00|0,00|0,00||||||||||||||
|C170|6|743|CERV. KAISER LATAO 473 ML|10,00000|UN|218,20|0,00|0|060|1102|1102|0,00|0,00|0,00|0,00|0,00|0,00|0|||0,00|0,00|0,00||||||||||||||
|C170|7|718|I9 UVA VERDE|1,00000|CX|17,42|0,00|0|060|1102|1102|0,00|0,00|0,00|0,00|0,00|0,00|0|||0,00|0,00|0,00||||||||||||||
|C170|8|1810|HIDROTONICO I9 MARACUJA 500ML|1,00000|UN|17,42|0,00|0|060|1102|1102|0,00|0,00|0,00|0,00|0,00|0,00|0|||0,00|0,00|0,00||||||||||||||
|C170|9|5391|CERV. HEINEKEN LONG NECK 330ML|2,00000|UN|6,69|0,00|0|060|1102|1102|0,00|0,00|0,00|0,00|0,00|0,00|0|||0,00|0,00|0,00||||||||||||||
|C190|060|1102|0,00|772,72|0,00|0,00|0,00|0,00|0,00|0,00||
|C100|0|1|09539689000100|55|00|001|507|42170609539689000100550010000005071000005076|14062017|14062017|76,95|2|0,00|0,00|76,95|9|0,00|0,00|0,00|0,00|0,00|76,95|0,00|0,00|||||
|C110|3|Valor Aproximado dos Tributos R$ 22,55(29,30%) (IBPT);|
|C170|1|1584|AGUA M S/GAS VALLE VITA 500ML|5,00000|UN|35,00|0,00|0|060|1910|1910|0,00|0,00|0,00|35,00|0,00|0,00|0|||0,00|0,00|0,00||||||||||||||
|C170|2|2911|AGUA M. C/GAS VALLE VITA 500ML|5,00000|UN|41,95|0,00|0|060|1910|1910|0,00|0,00|0,00|41,95|0,00|0,00|0|||0,00|0,00|0,00||||||||||||||
|C190|060|1910|0,00|76,95|0,00|0,00|76,95|0,00|0,00|0,00||
|C100|0|1|09539689000100|55|00|001|508|42170609539689000100550010000005081000005081|14062017|14062017|335,85|2|0,00|0,00|335,85|9|0,00|0,00|0,00|0,00|0,00|335,85|0,00|0,00|||||
|C110|3|Valor Aproximado dos Tributos R$ 98,40(29,30%) (IBPT);|
|C170|1|1584|AGUA M S/GAS VALLE VITA 500ML|30,00000|UN|210,00|0,00|0|060|1102|1102|0,00|0,00|0,00|210,00|0,00|0,00|0|||0,00|0,00|0,00||||||||||||||
|C170|2|2911|AGUA M. C/GAS VALLE VITA 500ML|15,00000|UN|125,85|0,00|0|060|1102|1102|0,00|0,00|0,00|125,85|0,00|0,00|0|||0,00|0,00|0,00||||||||||||||
|C190|060|1102|0,00|335,85|0,00|0,00|335,85|0,00|0,00|0,00||
|C100|0|1|78876216000102|55|00|001|5210|42170678876216000102550010000052101000052102|22062017|22062017|140,15|2|0,00|0,00|134,00|9|0,00|0,00|0,00|0,00|0,00|170,18|6,15|0,00|||||
|C110|3|OPERACAO SUJEITA A SUBSTITUICAO TRIBUTARIA CONFORME ANEXO 3 DO RICMS/SC * DOCUMENTO EMITIDO POR ME OU EPP OPTANTE PELO SIMPLES NACIONAL * NAO GERA DIRE|
|C110|2|VAL. ICMS ST RETIDO ANT.: 6.15|
|C170|1|2129|SALGADOS DIVERSOS|4,00000|UN|134,00|0,00|0|010|1102|1102|0,00|0,00|0,00|170,18|0,00|6,15|0|||0,00|0,00|0,00||||||||||||||
|C190|010|1102|0,00|140,15|0,00|0,00|170,18|6,15|0,00|0,00||
|C100|0|1|01466091001190|55|00|001|52339|42170601466091001190550010000523391285233846|01062017|01062017|14425,00|2|0,00|0,00|14425,00|1|0,00|0,00|0,00|0,00|0,00|0,00|0,00|0,00|||||
|C110|3|O Transportador Fica Responsavel Pela Entrega e Seguranca da Mercadoria Transportada ate o Seu Destino Final. Pis e Cofins pagos Conf. paragrafo 4.o Ar|
|C170|1|2|GASOLINA ADITIVADA|5000,00000|L|14425,00|0,00|0|060|1652|1652|0,00|0,00|0,00|0,00|0,00|0,00|0|||0,00|0,00|0,00||||||||||||||
|C190|060|1652|0,00|14425,00|0,00|0,00|0,00|0,00|0,00|0,00||
|C100|0|1|01466091001190|55|00|001|52340|42170601466091001190550010000523401992939639|01062017|01062017|11775,00|2|0,00|0,00|11775,00|1|0,00|0,00|0,00|0,00|0,00|0,00|0,00|0,00|||||
|C110|3|O Transportador Fica Responsavel Pela Entrega e Seguranca da Mercadoria Transportada ate o Seu Destino Final. Pis e Cofins pagos Conf. paragrafo 4.o Ar|
|C170|1|5|OLEO DIESEL S10|5000,00000|L|11775,00|0,00|0|060|1652|1652|0,00|0,00|0,00|0,00|0,00|0,00|0|||0,00|0,00|0,00||||||||||||||
|C190|060|1652|0,00|11775,00|0,00|0,00|0,00|0,00|0,00|0,00||
|C100|0|1|01466091001190|55|00|001|52406|42170601466091001190550010000524061667510738|02062017|02062017|11775,00|2|0,00|0,00|11775,00|9|0,00|0,00|0,00|0,00|0,00|0,00|0,00|0,00|||||
|C170|1|5|OLEO DIESEL S10|5000,00000|L|11775,00|0,00|0|060|1652|1652|0,00|0,00|0,00|0,00|0,00|0,00|0|||0,00|0,00|0,00||||||||||||||
|C190|060|1652|0,00|11775,00|0,00|0,00|0,00|0,00|0,00|0,00||
|C100|0|1|01466091001190|55|00|001|52407|42170601466091001190550010000524071512817454|02062017|02062017|23150,00|2|0,00|0,00|23150,00|9|0,00|0,00|0,00|0,00|0,00|0,00|0,00|0,00|||||
|C170|1|4|OLEO DIESEL B S500|10000,00000|L|23150,00|0,00|0|060|1652|1652|0,00|0,00|0,00|0,00|0,00|0,00|0|||0,00|0,00|0,00||||||||||||||
|C190|060|1652|0,00|23150,00|0,00|0,00|0,00|0,00|0,00|0,00||
|C100|0|1|01466091001190|55|00|001|52408|42170601466091001190550010000524081523119068|02062017|02062017|14425,00|2|0,00|0,00|14425,00|9|0,00|0,00|0,00|0,00|0,00|0,00|0,00|0,00|||||
|C170|1|2|GASOLINA ADITIVADA|5000,00000|L|14425,00|0,00|0|060|1652|1652|0,00|0,00|0,00|0,00|0,00|0,00|0|||0,00|0,00|0,00||||||||||||||
|C190|060|1652|0,00|14425,00|0,00|0,00|0,00|0,00|0,00|0,00||
|C100|0|1|01466091001190|55|00|001|52409|42170601466091001190550010000524091973676313|02062017|02062017|43125,00|2|0,00|0,00|43125,00|9|0,00|0,00|0,00|0,00|0,00|0,00|0,00|0,00|||||
|C170|1|1|GASOLINA COMUM|5000,00000|L|14375,00|0,00|0|060|1652|1652|0,00|0,00|0,00|0,00|0,00|0,00|0|||0,00|0,00|0,00||||||||||||||
|C170|2|1|GASOLINA COMUM|10000,00000|L|28750,00|0,00|0|060|1652|1652|0,00|0,00|0,00|0,00|0,00|0,00|0|||0,00|0,00|0,00||||||||||||||
|C190|060|1652|0,00|43125,00|0,00|0,00|0,00|0,00|0,00|0,00||
|C100|0|1|01466091001190|55|00|001|52417|42170601466091001190550010000524171565642752|02062017|02062017|28750,00|2|0,00|0,00|28750,00|9|0,00|0,00|0,00|0,00|0,00|0,00|0,00|0,00|||||
|C170|1|1|GASOLINA COMUM|5000,00000|L|14375,00|0,00|0|060|1652|1652|0,00|0,00|0,00|0,00|0,00|0,00|0|||0,00|0,00|0,00||||||||||||||
|C170|2|1|GASOLINA COMUM|5000,00000|L|14375,00|0,00|0|060|1652|1652|0,00|0,00|0,00|0,00|0,00|0,00|0|||0,00|0,00|0,00||||||||||||||
|C190|060|1652|0,00|28750,00|0,00|0,00|0,00|0,00|0,00|0,00||
|C100|0|1|01466091001190|55|00|001|52418|42170601466091001190550010000524181851684574|02062017|02062017|34725,00|2|0,00|0,00|34725,00|9|0,00|0,00|0,00|0,00|0,00|0,00|0,00|0,00|||||
|C170|1|4|OLEO DIESEL B S500|15000,00000|L|34725,00|0,00|0|060|1652|1652|0,00|0,00|0,00|0,00|0,00|0,00|0|||0,00|0,00|0,00||||||||||||||
|C190|060|1652|0,00|34725,00|0,00|0,00|0,00|0,00|0,00|0,00||
|C100|0|1|01466091001190|55|00|001|52419|42170601466091001190550010000524191116590598|02062017|02062017|23550,00|2|0,00|0,00|23550,00|9|0,00|0,00|0,00|0,00|0,00|0,00|0,00|0,00|||||
|C170|1|5|OLEO DIESEL S10|10000,00000|L|23550,00|0,00|0|060|1652|1652|0,00|0,00|0,00|0,00|0,00|0,00|0|||0,00|0,00|0,00||||||||||||||
|C190|060|1652|0,00|23550,00|0,00|0,00|0,00|0,00|0,00|0,00||
|C100|0|1|01466091001190|55|00|001|52456|42170601466091001190550010000524561472039272|03062017|03062017|11775,00|2|0,00|0,00|11775,00|9|0,00|0,00|0,00|0,00|0,00|0,00|0,00|0,00|||||
|C170|1|5|OLEO DIESEL S10|5000,00000|L|11775,00|0,00|0|060|1652|1652|0,00|0,00|0,00|0,00|0,00|0,00|0|||0,00|0,00|0,00||||||||||||||
|C190|060|1652|0,00|11775,00|0,00|0,00|0,00|0,00|0,00|0,00||
|C100|0|1|01466091001190|55|00|001|52457|42170601466091001190550010000524571995807094|03062017|03062017|23150,00|2|0,00|0,00|23150,00|9|0,00|0,00|0,00|0,00|0,00|0,00|0,00|0,00|||||
|C170|1|4|OLEO DIESEL B S500|10000,00000|L|23150,00|0,00|0|060|1652|1652|0,00|0,00|0,00|0,00|0,00|0,00|0|||0,00|0,00|0,00||||||||||||||
|C190|060|1652|0,00|23150,00|0,00|0,00|0,00|0,00|0,00|0,00||
|C100|0|1|01466091001190|55|00|001|52489|42170601466091001190550010000524891110523796|03062017|03062017|28750,00|2|0,00|0,00|28750,00|9|0,00|0,00|0,00|0,00|0,00|0,00|0,00|0,00|||||
|C170|1|1|GASOLINA COMUM|4000,00000|L|11500,00|0,00|0|060|1652|1652|0,00|0,00|0,00|0,00|0,00|0,00|0|||0,00|0,00|0,00||||||||||||||
|C170|2|1|GASOLINA COMUM|6000,00000|L|17250,00|0,00|0|060|1652|1652|0,00|0,00|0,00|0,00|0,00|0,00|0|||0,00|0,00|0,00||||||||||||||
|C190|060|1652|0,00|28750,00|0,00|0,00|0,00|0,00|0,00|0,00||
|C100|0|1|01466091001190|55|00|001|52490|42170601466091001190550010000524901614634150|03062017|03062017|14425,00|2|0,00|0,00|14425,00|9|0,00|0,00|0,00|0,00|0,00|0,00|0,00|0,00|||||
|C170|1|2|GASOLINA ADITIVADA|5000,00000|L|14425,00|0,00|0|060|1652|1652|0,00|0,00|0,00|0,00|0,00|0,00|0|||0,00|0,00|0,00||||||||||||||
|C190|060|1652|0,00|14425,00|0,00|0,00|0,00|0,00|0,00|0,00||
|C100|0|1|01466091001190|55|00|001|52523|42170601466091001190550010000525231729999901|05062017|05062017|42825,00|2|0,00|0,00|42825,00|9|0,00|0,00|0,00|0,00|0,00|0,00|0,00|0,00|||||
|C170|1|1|GASOLINA COMUM|10000,00000|L|28550,00|0,00|0|060|1652|1652|0,00|0,00|0,00|0,00|0,00|0,00|0|||0,00|0,00|0,00||||||||||||||
|C170|2|1|GASOLINA COMUM|5000,00000|L|14275,00|0,00|0|060|1652|1652|0,00|0,00|0,00|0,00|0,00|0,00|0|||0,00|0,00|0,00||||||||||||||
|C190|060|1652|0,00|42825,00|0,00|0,00|0,00|0,00|0,00|0,00||
|C100|0|1|01466091001190|55|00|001|52541|42170601466091001190550010000525411977358963|05062017|05062017|46100,00|2|0,00|0,00|46100,00|9|0,00|0,00|0,00|0,00|0,00|0,00|0,00|0,00|||||
|C170|1|4|OLEO DIESEL B S500|20000,00000|L|46100,00|0,00|0|060|1652|1652|0,00|0,00|0,00|0,00|0,00|0,00|0|||0,00|0,00|0,00||||||||||||||
|C190|060|1652|0,00|46100,00|0,00|0,00|0,00|0,00|0,00|0,00||
|C100|0|1|01466091001190|55|00|001|52542|42170601466091001190550010000525421729360884|05062017|05062017|35325,00|2|0,00|0,00|35325,00|9|0,00|0,00|0,00|0,00|0,00|0,00|0,00|0,00|||||
|C170|1|5|OLEO DIESEL S10|15000,00000|L|35325,00|0,00|0|060|1652|1652|0,00|0,00|0,00|0,00|0,00|0,00|0|||0,00|0,00|0,00||||||||||||||
|C190|060|1652|0,00|35325,00|0,00|0,00|0,00|0,00|0,00|0,00||
|C100|0|1|01466091001190|55|00|001|52584|42170601466091001190550010000525841339108170|06062017|06062017|11525,00|2|0,00|0,00|11525,00|9|0,00|0,00|0,00|0,00|0,00|0,00|0,00|0,00|||||
|C170|1|4|OLEO DIESEL B S500|5000,00000|L|11525,00|0,00|0|060|1652|1652|0,00|0,00|0,00|0,00|0,00|0,00|0|||0,00|0,00|0,00||||||||||||||
|C190|060|1652|0,00|11525,00|0,00|0,00|0,00|0,00|0,00|0,00||
|C100|0|1|01466091001190|55|00|001|52585|42170601466091001190550010000525851601342925|06062017|06062017|11775,00|2|0,00|0,00|11775,00|9|0,00|0,00|0,00|0,00|0,00|0,00|0,00|0,00|||||
|C170|1|5|OLEO DIESEL S10|5000,00000|L|11775,00|0,00|0|060|1652|1652|0,00|0,00|0,00|0,00|0,00|0,00|0|||0,00|0,00|0,00||||||||||||||
|C190|060|1652|0,00|11775,00|0,00|0,00|0,00|0,00|0,00|0,00||
|C100|0|1|01466091001190|55|00|001|52656|42170601466091001190550010000526561777014711|07062017|07062017|14325,00|2|0,00|0,00|14325,00|9|0,00|0,00|0,00|0,00|0,00|0,00|0,00|0,00|||||
|C170|1|2|GASOLINA ADITIVADA|5000,00000|L|14325,00|0,00|0|060|1652|1652|0,00|0,00|0,00|0,00|0,00|0,00|0|||0,00|0,00|0,00||||||||||||||
|C190|060|1652|0,00|14325,00|0,00|0,00|0,00|0,00|0,00|0,00||
|C100|0|1|01466091001190|55|00|001|52716|42170601466091001190550010000527161656822086|08062017|08062017|28650,00|2|0,00|0,00|28650,00|9|0,00|0,00|0,00|0,00|0,00|0,00|0,00|0,00|||||
|C170|1|2|GASOLINA ADITIVADA|10000,00000|L|28650,00|0,00|0|060|1652|1652|0,00|0,00|0,00|0,00|0,00|0,00|0|||0,00|0,00|0,00||||||||||||||
|C190|060|1652|0,00|28650,00|0,00|0,00|0,00|0,00|0,00|0,00||
|C100|0|1|01466091001190|55|00|001|52717|42170601466091001190550010000527171234052849|08062017|08062017|23050,00|2|0,00|0,00|23050,00|9|0,00|0,00|0,00|0,00|0,00|0,00|0,00|0,00|||||
|C170|1|4|OLEO DIESEL B S500|10000,00000|L|23050,00|0,00|0|060|1652|1652|0,00|0,00|0,00|0,00|0,00|0,00|0|||0,00|0,00|0,00||||||||||||||
|C190|060|1652|0,00|23050,00|0,00|0,00|0,00|0,00|0,00|0,00||
|C100|0|1|77887412000209|55|00|006|527608|42170677887412000209550060005276081000351732|01062017|06062017|1451,00|2|0,00|0,00|1451,00|9|0,00|0,00|0,00|0,00|0,00|0,00|0,00|0,00|||||
|C170|1|788|CIG. L&M BOX|3,00000|UN|265,48|0,00|0|060|1102|1102|0,00|0,00|0,00|0,00|0,00|0,00|0|||0,00|0,00|0,00||||||||||||||
|C170|2|1193|CIG. SAMPOERNA CRAVO|4,00000|UN|338,72|0,00|0|060|1102|1102|0,00|0,00|0,00|0,00|0,00|0,00|0|||0,00|0,00|0,00||||||||||||||
|C170|3|1194|CIG. SAMPOERNA MENTHOL|10,00000|UN|846,80|0,00|0|060|1102|1102|0,00|0,00|0,00|0,00|0,00|0,00|0|||0,00|0,00|0,00||||||||||||||
|C190|060|1102|0,00|1451,00|0,00|0,00|0,00|0,00|0,00|0,00||
|C100|0|1|01466091001190|55|00|001|52783|42170601466091001190550010000527831145763567|09062017|09062017|80675,00|2|0,00|0,00|80675,00|9|0,00|0,00|0,00|0,00|0,00|0,00|0,00|0,00|||||
|C170|1|4|OLEO DIESEL B S500|35000,00000|L|80675,00|0,00|0|060|1652|1652|0,00|0,00|0,00|0,00|0,00|0,00|0|||0,00|0,00|0,00||||||||||||||
|C190|060|1652|0,00|80675,00|0,00|0,00|0,00|0,00|0,00|0,00||
|C100|0|1|01466091001190|55|00|001|52792|42170601466091001190550010000527921623234586|09062017|09062017|57100,00|2|0,00|0,00|57100,00|1|0,00|0,00|0,00|0,00|0,00|0,00|0,00|0,00|||||
|C110|3|O Transportador Fica Responsavel Pela Entrega e Seguranca da Mercadoria Transportada ate o Seu Destino Final. Pis e Cofins pagos Conf. paragrafo 4.o Ar|
|C170|1|1|GASOLINA COMUM|20000,00000|L|57100,00|0,00|0|060|1652|1652|0,00|0,00|0,00|0,00|0,00|0,00|0|||0,00|0,00|0,00||||||||||||||
|C190|060|1652|0,00|57100,00|0,00|0,00|0,00|0,00|0,00|0,00||
|C100|0|1|01466091001190|55|00|001|52793|42170601466091001190550010000527931608688706|09062017|09062017|35325,00|2|0,00|0,00|35325,00|1|0,00|0,00|0,00|0,00|0,00|0,00|0,00|0,00|||||
|C110|3|O Transportador Fica Responsavel Pela Entrega e Seguranca da Mercadoria Transportada ate o Seu Destino Final. Pis e Cofins pagos Conf. paragrafo 4.o Ar|
|C170|1|5|OLEO DIESEL S10|15000,00000|L|35325,00|0,00|0|060|1652|1652|0,00|0,00|0,00|0,00|0,00|0,00|0|||0,00|0,00|0,00||||||||||||||
|C190|060|1652|0,00|35325,00|0,00|0,00|0,00|0,00|0,00|0,00||
|C100|0|1|01466091001190|55|00|001|52807|42170601466091001190550010000528071452293995|09062017|09062017|14325,00|2|0,00|0,00|14325,00|1|0,00|0,00|0,00|0,00|0,00|0,00|0,00|0,00|||||
|C110|3|O Transportador Fica Responsavel Pela Entrega e Seguranca da Mercadoria Transportada ate o Seu Destino Final. Pis e Cofins pagos Conf. paragrafo 4.o Ar|
|C170|1|2|GASOLINA ADITIVADA|5000,00000|L|14325,00|0,00|0|060|1652|1652|0,00|0,00|0,00|0,00|0,00|0,00|0|||0,00|0,00|0,00||||||||||||||
|C190|060|1652|0,00|14325,00|0,00|0,00|0,00|0,00|0,00|0,00||
|C100|0|1|01466091001190|55|00|001|52839|42170601466091001190550010000528391209043524|10062017|11062017|28550,00|2|0,00|0,00|28550,00|1|0,00|0,00|0,00|0,00|0,00|0,00|0,00|0,00|||||
|C110|3|O Transportador Fica Responsavel Pela Entrega e Seguranca da Mercadoria Transportada ate o Seu Destino Final. Pis e Cofins pagos Conf. paragrafo 4.o Ar|
|C170|1|1|GASOLINA COMUM|10000,00000|L|28550,00|0,00|0|060|1652|1652|0,00|0,00|0,00|0,00|0,00|0,00|0|||0,00|0,00|0,00||||||||||||||
|C190|060|1652|0,00|28550,00|0,00|0,00|0,00|0,00|0,00|0,00||
|C100|0|1|01466091001190|55|00|001|52840|42170601466091001190550010000528401880706460|10062017|11062017|28650,00|2|0,00|0,00|28650,00|1|0,00|0,00|0,00|0,00|0,00|0,00|0,00|0,00|||||
|C110|3|O Transportador Fica Responsavel Pela Entrega e Seguranca da Mercadoria Transportada ate o Seu Destino Final. Pis e Cofins pagos Conf. paragrafo 4.o Ar|
|C170|1|2|GASOLINA ADITIVADA|10000,00000|L|28650,00|0,00|0|060|1652|1652|0,00|0,00|0,00|0,00|0,00|0,00|0|||0,00|0,00|0,00||||||||||||||
|C190|060|1652|0,00|28650,00|0,00|0,00|0,00|0,00|0,00|0,00||
|C100|0|1|01466091001190|55|00|001|52913|42170601466091001190550010000529131281395074|12062017|12062017|28550,00|2|0,00|0,00|28550,00|1|0,00|0,00|0,00|0,00|0,00|0,00|0,00|0,00|||||
|C110|3|O Transportador Fica Responsavel Pela Entrega e Seguranca da Mercadoria Transportada ate o Seu Destino Final. Pis e Cofins pagos Conf. paragrafo 4.o Ar|
|C170|1|1|GASOLINA COMUM|10000,00000|L|28550,00|0,00|0|060|1652|1652|0,00|0,00|0,00|0,00|0,00|0,00|0|||0,00|0,00|0,00||||||||||||||
|C190|060|1652|0,00|28550,00|0,00|0,00|0,00|0,00|0,00|0,00||
|C100|0|1|01466091001190|55|00|001|52914|42170601466091001190550010000529141242709451|12062017|12062017|23550,00|2|0,00|0,00|23550,00|1|0,00|0,00|0,00|0,00|0,00|0,00|0,00|0,00|||||
|C110|3|O Transportador Fica Responsavel Pela Entrega e Seguranca da Mercadoria Transportada ate o Seu Destino Final. Pis e Cofins pagos Conf. paragrafo 4.o Ar|
|C170|1|5|OLEO DIESEL S10|10000,00000|L|23550,00|0,00|0|060|1652|1652|0,00|0,00|0,00|0,00|0,00|0,00|0|||0,00|0,00|0,00||||||||||||||
|C190|060|1652|0,00|23550,00|0,00|0,00|0,00|0,00|0,00|0,00||
|C100|0|1|01466091001190|55|00|001|52952|42170601466091001190550010000529521638367698|12062017|12062017|28550,00|2|0,00|0,00|28550,00|1|0,00|0,00|0,00|0,00|0,00|0,00|0,00|0,00|||||
|C110|3|O Transportador Fica Responsavel Pela Entrega e Seguranca da Mercadoria Transportada ate o Seu Destino Final. Pis e Cofins pagos Conf. paragrafo 4.o Ar|
|C170|1|1|GASOLINA COMUM|10000,00000|L|28550,00|0,00|0|060|1652|1652|0,00|0,00|0,00|0,00|0,00|0,00|0|||0,00|0,00|0,00||||||||||||||
|C190|060|1652|0,00|28550,00|0,00|0,00|0,00|0,00|0,00|0,00||
|C100|0|1|01466091001190|55|00|001|52953|42170601466091001190550010000529531444587355|12062017|12062017|23050,00|2|0,00|0,00|23050,00|1|0,00|0,00|0,00|0,00|0,00|0,00|0,00|0,00|||||
|C110|3|O Transportador Fica Responsavel Pela Entrega e Seguranca da Mercadoria Transportada ate o Seu Destino Final. Pis e Cofins pagos Conf. paragrafo 4.o Ar|
|C170|1|4|OLEO DIESEL B S500|10000,00000|L|23050,00|0,00|0|060|1652|1652|0,00|0,00|0,00|0,00|0,00|0,00|0|||0,00|0,00|0,00||||||||||||||
|C190|060|1652|0,00|23050,00|0,00|0,00|0,00|0,00|0,00|0,00||
|C100|0|1|01466091001190|55|00|001|52954|42170601466091001190550010000529541617310217|12062017|12062017|46100,00|2|0,00|0,00|46100,00|1|0,00|0,00|0,00|0,00|0,00|0,00|0,00|0,00|||||
|C110|3|O Transportador Fica Responsavel Pela Entrega e Seguranca da Mercadoria Transportada ate o Seu Destino Final. Pis e Cofins pagos Conf. paragrafo 4.o Ar|
|C170|1|4|OLEO DIESEL B S500|20000,00000|L|46100,00|0,00|0|060|1652|1652|0,00|0,00|0,00|0,00|0,00|0,00|0|||0,00|0,00|0,00||||||||||||||
|C190|060|1652|0,00|46100,00|0,00|0,00|0,00|0,00|0,00|0,00||
|C100|0|1|01466091001190|55|00|001|52955|42170601466091001190550010000529551724817711|12062017|12062017|28550,00|2|0,00|0,00|28550,00|1|0,00|0,00|0,00|0,00|0,00|0,00|0,00|0,00|||||
|C110|3|O Transportador Fica Responsavel Pela Entrega e Seguranca da Mercadoria Transportada ate o Seu Destino Final. Pis e Cofins pagos Conf. paragrafo 4.o Ar|
|C170|1|1|GASOLINA COMUM|10000,00000|L|28550,00|0,00|0|060|1652|1652|0,00|0,00|0,00|0,00|0,00|0,00|0|||0,00|0,00|0,00||||||||||||||
|C190|060|1652|0,00|28550,00|0,00|0,00|0,00|0,00|0,00|0,00||
|C100|0|1|01466091001190|55|00|001|52956|42170601466091001190550010000529561953170454|12062017|12062017|14325,00|2|0,00|0,00|14325,00|1|0,00|0,00|0,00|0,00|0,00|0,00|0,00|0,00|||||
|C110|3|O Transportador Fica Responsavel Pela Entrega e Seguranca da Mercadoria Transportada ate o Seu Destino Final. Pis e Cofins pagos Conf. paragrafo 4.o Ar|
|C170|1|2|GASOLINA ADITIVADA|5000,00000|L|14325,00|0,00|0|060|1652|1652|0,00|0,00|0,00|0,00|0,00|0,00|0|||0,00|0,00|0,00||||||||||||||
|C190|060|1652|0,00|14325,00|0,00|0,00|0,00|0,00|0,00|0,00||
|C100|0|1|01466091001190|55|00|001|52993|42170601466091001190550010000529931412021297|13062017|13062017|23550,00|2|0,00|0,00|23550,00|1|0,00|0,00|0,00|0,00|0,00|0,00|0,00|0,00|||||
|C110|3|O Transportador Fica Responsavel Pela Entrega e Seguranca da Mercadoria Transportada ate o Seu Destino Final. Pis e Cofins pagos Conf. paragrafo 4.o Ar|
|C170|1|5|OLEO DIESEL S10|10000,00000|L|23550,00|0,00|0|060|1652|1652|0,00|0,00|0,00|0,00|0,00|0,00|0|||0,00|0,00|0,00||||||||||||||
|C190|060|1652|0,00|23550,00|0,00|0,00|0,00|0,00|0,00|0,00||
|C100|0|1|01466091001190|55|00|001|52994|42170601466091001190550010000529941242878491|13062017|13062017|14225,00|2|0,00|0,00|14225,00|1|0,00|0,00|0,00|0,00|0,00|0,00|0,00|0,00|||||
|C110|3|O Transportador Fica Responsavel Pela Entrega e Seguranca da Mercadoria Transportada ate o Seu Destino Final. Pis e Cofins pagos Conf. paragrafo 4.o Ar|
|C170|1|1|GASOLINA COMUM|5000,00000|L|14225,00|0,00|0|060|1652|1652|0,00|0,00|0,00|0,00|0,00|0,00|0|||0,00|0,00|0,00||||||||||||||
|C190|060|1652|0,00|14225,00|0,00|0,00|0,00|0,00|0,00|0,00||
|C100|0|1|01466091001190|55|00|001|53132|42170601466091001190550010000531321349010942|16062017|16062017|28200,00|2|0,00|0,00|28200,00|1|0,00|0,00|0,00|0,00|0,00|0,00|0,00|0,00|||||
|C110|3|O Transportador Fica Responsavel Pela Entrega e Seguranca da Mercadoria Transportada ate o Seu Destino Final. Pis e Cofins pagos Conf. paragrafo 4.o Ar|
|C170|1|1|GASOLINA COMUM|10000,00000|L|28200,00|0,00|0|060|1652|1652|0,00|0,00|0,00|0,00|0,00|0,00|0|||0,00|0,00|0,00||||||||||||||
|C190|060|1652|0,00|28200,00|0,00|0,00|0,00|0,00|0,00|0,00||
|C100|0|1|01466091001190|55|00|001|53133|42170601466091001190550010000531331684306901|16062017|16062017|14150,00|2|0,00|0,00|14150,00|1|0,00|0,00|0,00|0,00|0,00|0,00|0,00|0,00|||||
|C110|3|O Transportador Fica Responsavel Pela Entrega e Seguranca da Mercadoria Transportada ate o Seu Destino Final. Pis e Cofins pagos Conf. paragrafo 4.o Ar|
|C170|1|2|GASOLINA ADITIVADA|5000,00000|L|14150,00|0,00|0|060|1652|1652|0,00|0,00|0,00|0,00|0,00|0,00|0|||0,00|0,00|0,00||||||||||||||
|C190|060|1652|0,00|14150,00|0,00|0,00|0,00|0,00|0,00|0,00||
|C100|0|1|77887412000209|55|00|006|531388|42170677887412000209550060005313881000354252|08062017|09062017|755,30|2|0,00|0,00|755,30|0|0,00|0,00|0,00|0,00|0,00|0,00|0,00|0,00|||||
|C170|1|854|CIG. MARLBORO FILTER PLUS|10,00000|UN|755,30|0,00|0|060|1102|1102|0,00|0,00|0,00|0,00|0,00|0,00|0|||0,00|0,00|0,00||||||||||||||
|C190|060|1102|0,00|755,30|0,00|0,00|0,00|0,00|0,00|0,00||
|C100|0|1|01466091001190|55|00|001|53177|42170601466091001190550010000531771893297942|16062017|16062017|45700,00|2|0,00|0,00|45700,00|1|0,00|0,00|0,00|0,00|0,00|0,00|0,00|0,00|||||
|C110|3|O Transportador Fica Responsavel Pela Entrega e Seguranca da Mercadoria Transportada ate o Seu Destino Final. Pis e Cofins pagos Conf. paragrafo 4.o Ar|
|C170|1|4|OLEO DIESEL B S500|20000,00000|L|45700,00|0,00|0|060|1652|1652|0,00|0,00|0,00|0,00|0,00|0,00|0|||0,00|0,00|0,00||||||||||||||
|C190|060|1652|0,00|45700,00|0,00|0,00|0,00|0,00|0,00|0,00||
|C100|0|1|01466091001190|55|00|001|53178|42170601466091001190550010000531781570481609|16062017|16062017|11650,00|2|0,00|0,00|11650,00|1|0,00|0,00|0,00|0,00|0,00|0,00|0,00|0,00|||||
|C110|3|O Transportador Fica Responsavel Pela Entrega e Seguranca da Mercadoria Transportada ate o Seu Destino Final. Pis e Cofins pagos Conf. paragrafo 4.o Ar|
|C170|1|5|OLEO DIESEL S10|5000,00000|L|11650,00|0,00|0|060|1652|1652|0,00|0,00|0,00|0,00|0,00|0,00|0|||0,00|0,00|0,00||||||||||||||
|C190|060|1652|0,00|11650,00|0,00|0,00|0,00|0,00|0,00|0,00||
|C100|0|1|01466091001190|55|00|001|53225|42170601466091001190550010000532251700717781|17062017|17062017|28200,00|2|0,00|0,00|28200,00|1|0,00|0,00|0,00|0,00|0,00|0,00|0,00|0,00|||||
|C110|3|O Transportador Fica Responsavel Pela Entrega e Seguranca da Mercadoria Transportada ate o Seu Destino Final. Pis e Cofins pagos Conf. paragrafo 4.o Ar|
|C170|1|1|GASOLINA COMUM|10000,00000|L|28200,00|0,00|0|060|1652|1652|0,00|0,00|0,00|0,00|0,00|0,00|0|||0,00|0,00|0,00||||||||||||||
|C190|060|1652|0,00|28200,00|0,00|0,00|0,00|0,00|0,00|0,00||
|C100|0|1|01466091001190|55|00|001|53226|42170601466091001190550010000532261744470916|17062017|17062017|14150,00|2|0,00|0,00|14150,00|1|0,00|0,00|0,00|0,00|0,00|0,00|0,00|0,00|||||
|C110|3|O Transportador Fica Responsavel Pela Entrega e Seguranca da Mercadoria Transportada ate o Seu Destino Final. Pis e Cofins pagos Conf. paragrafo 4.o Ar|
|C170|1|2|GASOLINA ADITIVADA|5000,00000|L|14150,00|0,00|0|060|1652|1652|0,00|0,00|0,00|0,00|0,00|0,00|0|||0,00|0,00|0,00||||||||||||||
|C190|060|1652|0,00|14150,00|0,00|0,00|0,00|0,00|0,00|0,00||
|C100|0|1|01466091001190|55|00|001|53304|42170601466091001190550010000533041452761854|19062017|19062017|56200,00|2|0,00|0,00|56200,00|1|0,00|0,00|0,00|0,00|0,00|0,00|0,00|0,00|||||
|C110|3|O Transportador Fica Responsavel Pela Entrega e Seguranca da Mercadoria Transportada ate o Seu Destino Final. Pis e Cofins pagos Conf. paragrafo 4.o Ar|
|C170|1|1|GASOLINA COMUM|20000,00000|L|56200,00|0,00|0|060|1652|1652|0,00|0,00|0,00|0,00|0,00|0,00|0|||0,00|0,00|0,00||||||||||||||
|C190|060|1652|0,00|56200,00|0,00|0,00|0,00|0,00|0,00|0,00||
|C100|0|1|01466091001190|55|00|001|53305|42170601466091001190550010000533051782591950|19062017|19062017|42150,00|2|0,00|0,00|42150,00|1|0,00|0,00|0,00|0,00|0,00|0,00|0,00|0,00|||||
|C110|3|O Transportador Fica Responsavel Pela Entrega e Seguranca da Mercadoria Transportada ate o Seu Destino Final. Pis e Cofins pagos Conf. paragrafo 4.o Ar|
|C170|1|1|GASOLINA COMUM|15000,00000|L|42150,00|0,00|0|060|1652|1652|0,00|0,00|0,00|0,00|0,00|0,00|0|||0,00|0,00|0,00||||||||||||||
|C190|060|1652|0,00|42150,00|0,00|0,00|0,00|0,00|0,00|0,00||
|C100|0|1|01466091001190|55|00|001|53317|42170601466091001190550010000533171757947380|19062017|19062017|22850,00|2|0,00|0,00|22850,00|1|0,00|0,00|0,00|0,00|0,00|0,00|0,00|0,00|||||
|C110|3|O Transportador Fica Responsavel Pela Entrega e Seguranca da Mercadoria Transportada ate o Seu Destino Final. Pis e Cofins pagos Conf. paragrafo 4.o Ar|
|C170|1|5|OLEO DIESEL S10|10000,00000|L|22850,00|0,00|0|060|1652|1652|0,00|0,00|0,00|0,00|0,00|0,00|0|||0,00|0,00|0,00||||||||||||||
|C190|060|1652|0,00|22850,00|0,00|0,00|0,00|0,00|0,00|0,00||
|C100|0|1|01466091001190|55|00|001|53318|42170601466091001190550010000533181174638699|19062017|19062017|14100,00|2|0,00|0,00|14100,00|1|0,00|0,00|0,00|0,00|0,00|0,00|0,00|0,00|||||
|C110|3|O Transportador Fica Responsavel Pela Entrega e Seguranca da Mercadoria Transportada ate o Seu Destino Final. Pis e Cofins pagos Conf. paragrafo 4.o Ar|
|C170|1|2|GASOLINA ADITIVADA|5000,00000|L|14100,00|0,00|0|060|1652|1652|0,00|0,00|0,00|0,00|0,00|0,00|0|||0,00|0,00|0,00||||||||||||||
|C190|060|1652|0,00|14100,00|0,00|0,00|0,00|0,00|0,00|0,00||
|C100|0|1|01466091001190|55|00|001|53319|42170601466091001190550010000533191179071619|19062017|19062017|44300,00|2|0,00|0,00|44300,00|1|0,00|0,00|0,00|0,00|0,00|0,00|0,00|0,00|||||
|C110|3|O Transportador Fica Responsavel Pela Entrega e Seguranca da Mercadoria Transportada ate o Seu Destino Final. Pis e Cofins pagos Conf. paragrafo 4.o Ar|
|C170|1|4|OLEO DIESEL B S500|20000,00000|L|44300,00|0,00|0|060|1652|1652|0,00|0,00|0,00|0,00|0,00|0,00|0|||0,00|0,00|0,00||||||||||||||
|C190|060|1652|0,00|44300,00|0,00|0,00|0,00|0,00|0,00|0,00||
|C100|0|1|01466091001190|55|00|001|53353|42170601466091001190550010000533531593237323|20062017|20062017|22850,00|2|0,00|0,00|22850,00|1|0,00|0,00|0,00|0,00|0,00|0,00|0,00|0,00|||||
|C110|3|O Transportador Fica Responsavel Pela Entrega e Seguranca da Mercadoria Transportada ate o Seu Destino Final. Pis e Cofins pagos Conf. paragrafo 4.o Ar|
|C170|1|5|OLEO DIESEL S10|10000,00000|L|22850,00|0,00|0|060|1652|1652|0,00|0,00|0,00|0,00|0,00|0,00|0|||0,00|0,00|0,00||||||||||||||
|C190|060|1652|0,00|22850,00|0,00|0,00|0,00|0,00|0,00|0,00||
|C100|0|1|01466091001190|55|00|001|53354|42170601466091001190550010000533541720597436|20062017|20062017|44300,00|2|0,00|0,00|44300,00|1|0,00|0,00|0,00|0,00|0,00|0,00|0,00|0,00|||||
|C110|3|O Transportador Fica Responsavel Pela Entrega e Seguranca da Mercadoria Transportada ate o Seu Destino Final. Pis e Cofins pagos Conf. paragrafo 4.o Ar|
|C170|1|4|OLEO DIESEL B S500|20000,00000|L|44300,00|0,00|0|060|1652|1652|0,00|0,00|0,00|0,00|0,00|0,00|0|||0,00|0,00|0,00||||||||||||||
|C190|060|1652|0,00|44300,00|0,00|0,00|0,00|0,00|0,00|0,00||
|C100|0|1|01466091001190|55|00|001|53369|42170601466091001190550010000533691658922785|20062017|20062017|28200,00|2|0,00|0,00|28200,00|1|0,00|0,00|0,00|0,00|0,00|0,00|0,00|0,00|||||
|C110|3|O Transportador Fica Responsavel Pela Entrega e Seguranca da Mercadoria Transportada ate o Seu Destino Final. Pis e Cofins pagos Conf. paragrafo 4.o Ar|
|C170|1|2|GASOLINA ADITIVADA|10000,00000|L|28200,00|0,00|0|060|1652|1652|0,00|0,00|0,00|0,00|0,00|0,00|0|||0,00|0,00|0,00||||||||||||||
|C190|060|1652|0,00|28200,00|0,00|0,00|0,00|0,00|0,00|0,00||
|C100|0|1|01466091001190|55|00|001|53449|42170601466091001190550010000534491395806162|21062017|21062017|22550,00|2|0,00|0,00|22550,00|1|0,00|0,00|0,00|0,00|0,00|0,00|0,00|0,00|||||
|C110|3|O Transportador Fica Responsavel Pela Entrega e Seguranca da Mercadoria Transportada ate o Seu Destino Final. Pis e Cofins pagos Conf. paragrafo 4.o Ar|
|C170|1|5|OLEO DIESEL S10|10000,00000|L|22550,00|0,00|0|060|1102|1102|0,00|0,00|0,00|0,00|0,00|0,00|0|||0,00|0,00|0,00||||||||||||||
|C190|060|1102|0,00|22550,00|0,00|0,00|0,00|0,00|0,00|0,00||
|C100|0|1|01466091001190|55|00|001|53450|42170601466091001190550010000534501202278178|21062017|21062017|54625,00|2|0,00|0,00|54625,00|1|0,00|0,00|0,00|0,00|0,00|0,00|0,00|0,00|||||
|C110|3|O Transportador Fica Responsavel Pela Entrega e Seguranca da Mercadoria Transportada ate o Seu Destino Final. Pis e Cofins pagos Conf. paragrafo 4.o Ar|
|C170|1|4|OLEO DIESEL B S500|25000,00000|L|54625,00|0,00|0|060|1652|1652|0,00|0,00|0,00|0,00|0,00|0,00|0|||0,00|0,00|0,00||||||||||||||
|C190|060|1652|0,00|54625,00|0,00|0,00|0,00|0,00|0,00|0,00||
|C100|0|1|00896571000156|55|00|001|534516|50170600896571000156550010005345161201706048|04062017|09062017|3905,40|2|0,00|0,00|3905,40|9|0,00|0,00|0,00|0,00|0,00|0,00|0,00|0,00|||||
|C170|1|ONLINE TIM|ONLINE TIM|2196,00000|UN|2097,62|0,00|1|041|2949|2949|0,00|0,00|0,00|0,00|0,00|0,00|0|||0,00|0,00|0,00||||||||||||||
|C170|2|ONLINE OI|ONLINE OI|279,00000|UN|265,05|0,00|1|041|2949|2949|0,00|0,00|0,00|0,00|0,00|0,00|0|||0,00|0,00|0,00||||||||||||||
|C170|3|ONLINE CLARO|ONLINE CLARO|146,00000|UN|138,70|0,00|1|041|2949|2949|0,00|0,00|0,00|0,00|0,00|0,00|0|||0,00|0,00|0,00||||||||||||||
|C170|4|ONLINE VIVO|ONLINE VIVO|1470,00000|UN|1404,03|0,00|1|041|2949|2949|0,00|0,00|0,00|0,00|0,00|0,00|0|||0,00|0,00|0,00||||||||||||||
|C190|041|2949|0,00|3905,40|0,00|0,00|0,00|0,00|0,00|0,00||
|C100|0|1|01466091001190|55|00|001|53487|42170601466091001190550010000534871252779855|22062017|22062017|28050,00|2|0,00|0,00|28050,00|1|0,00|0,00|0,00|0,00|0,00|0,00|0,00|0,00|||||
|C110|3|O Transportador Fica Responsavel Pela Entrega e Seguranca da Mercadoria Transportada ate o Seu Destino Final. Pis e Cofins pagos Conf. paragrafo 4.o Ar|
|C170|1|1|GASOLINA COMUM|10000,00000|L|28050,00|0,00|0|060|1652|1652|0,00|0,00|0,00|0,00|0,00|0,00|0|||0,00|0,00|0,00||||||||||||||
|C190|060|1652|0,00|28050,00|0,00|0,00|0,00|0,00|0,00|0,00||
|C100|0|1|01466091001190|55|00|001|53488|42170601466091001190550010000534881182401449|22062017|22062017|32775,00|2|0,00|0,00|32775,00|1|0,00|0,00|0,00|0,00|0,00|0,00|0,00|0,00|||||
|C110|3|O Transportador Fica Responsavel Pela Entrega e Seguranca da Mercadoria Transportada ate o Seu Destino Final. Pis e Cofins pagos Conf. paragrafo 4.o Ar|
|C170|1|4|OLEO DIESEL B S500|15000,00000|L|32775,00|0,00|0|060|1652|1652|0,00|0,00|0,00|0,00|0,00|0,00|0|||0,00|0,00|0,00||||||||||||||
|C190|060|1652|0,00|32775,00|0,00|0,00|0,00|0,00|0,00|0,00||
|C100|0|1|01466091001190|55|00|001|53489|42170601466091001190550010000534891189197950|22062017|22062017|22550,00|2|0,00|0,00|22550,00|1|0,00|0,00|0,00|0,00|0,00|0,00|0,00|0,00|||||
|C110|3|O Transportador Fica Responsavel Pela Entrega e Seguranca da Mercadoria Transportada ate o Seu Destino Final. Pis e Cofins pagos Conf. paragrafo 4.o Ar|
|C170|1|5|OLEO DIESEL S10|10000,00000|L|22550,00|0,00|0|060|1652|1652|0,00|0,00|0,00|0,00|0,00|0,00|0|||0,00|0,00|0,00||||||||||||||
|C190|060|1652|0,00|22550,00|0,00|0,00|0,00|0,00|0,00|0,00||
|C100|0|1|01466091001190|55|00|001|53592|42170601466091001190550010000535921360236811|23062017|23062017|28050,00|2|0,00|0,00|28050,00|1|0,00|0,00|0,00|0,00|0,00|0,00|0,00|0,00|||||
|C110|3|O Transportador Fica Responsavel Pela Entrega e Seguranca da Mercadoria Transportada ate o Seu Destino Final. Pis e Cofins pagos Conf. paragrafo 4.o Ar|
|C170|1|1|GASOLINA COMUM|10000,00000|L|28050,00|0,00|0|060|1652|1652|0,00|0,00|0,00|0,00|0,00|0,00|0|||0,00|0,00|0,00||||||||||||||
|C190|060|1652|0,00|28050,00|0,00|0,00|0,00|0,00|0,00|0,00||
|C100|0|1|01466091001190|55|00|001|53629|42170601466091001190550010000536291313841412|24062017|24062017|28050,00|2|0,00|0,00|28050,00|1|0,00|0,00|0,00|0,00|0,00|0,00|0,00|0,00|||||
|C110|3|O Transportador Fica Responsavel Pela Entrega e Seguranca da Mercadoria Transportada ate o Seu Destino Final. Pis e Cofins pagos Conf. paragrafo 4.o Ar|
|C170|1|1|GASOLINA COMUM|10000,00000|L|28050,00|0,00|0|060|1652|1652|0,00|0,00|0,00|0,00|0,00|0,00|0|||0,00|0,00|0,00||||||||||||||
|C190|060|1652|0,00|28050,00|0,00|0,00|0,00|0,00|0,00|0,00||
|C100|0|1|01466091001190|55|00|001|53630|42170601466091001190550010000536301573997804|24062017|24062017|14075,00|2|0,00|0,00|14075,00|1|0,00|0,00|0,00|0,00|0,00|0,00|0,00|0,00|||||
|C110|3|O Transportador Fica Responsavel Pela Entrega e Seguranca da Mercadoria Transportada ate o Seu Destino Final. Pis e Cofins pagos Conf. paragrafo 4.o Ar|
|C170|1|2|GASOLINA ADITIVADA|5000,00000|L|14075,00|0,00|0|060|1652|1652|0,00|0,00|0,00|0,00|0,00|0,00|0|||0,00|0,00|0,00||||||||||||||
|C190|060|1652|0,00|14075,00|0,00|0,00|0,00|0,00|0,00|0,00||
|C100|0|1|01466091001190|55|00|001|53649|42170601466091001190550010000536491453694970|24062017|24062017|10925,00|2|0,00|0,00|10925,00|1|0,00|0,00|0,00|0,00|0,00|0,00|0,00|0,00|||||
|C110|3|O Transportador Fica Responsavel Pela Entrega e Seguranca da Mercadoria Transportada ate o Seu Destino Final. Pis e Cofins pagos Conf. paragrafo 4.o Ar|
|C170|1|4|OLEO DIESEL B S500|5000,00000|L|10925,00|0,00|0|060|1652|1652|0,00|0,00|0,00|0,00|0,00|0,00|0|||0,00|0,00|0,00||||||||||||||
|C190|060|1652|0,00|10925,00|0,00|0,00|0,00|0,00|0,00|0,00||
|C100|0|1|01466091001190|55|00|001|53688|42170601466091001190550010000536881350030628|26062017|26062017|14075,00|2|0,00|0,00|14075,00|1|0,00|0,00|0,00|0,00|0,00|0,00|0,00|0,00|||||
|C110|3|O Transportador Fica Responsavel Pela Entrega e Seguranca da Mercadoria Transportada ate o Seu Destino Final. Pis e Cofins pagos Conf. paragrafo 4.o Ar|
|C170|1|2|GASOLINA ADITIVADA|5000,00000|L|14075,00|0,00|0|060|1652|1652|0,00|0,00|0,00|0,00|0,00|0,00|0|||0,00|0,00|0,00||||||||||||||
|C190|060|1652|0,00|14075,00|0,00|0,00|0,00|0,00|0,00|0,00||
|C100|0|1|01466091001190|55|00|001|53689|42170601466091001190550010000536891757580687|26062017|26062017|65550,00|2|0,00|0,00|65550,00|1|0,00|0,00|0,00|0,00|0,00|0,00|0,00|0,00|||||
|C110|3|O Transportador Fica Responsavel Pela Entrega e Seguranca da Mercadoria Transportada ate o Seu Destino Final. Pis e Cofins pagos Conf. paragrafo 4.o Ar|
|C170|1|4|OLEO DIESEL B S500|30000,00000|L|65550,00|0,00|0|060|1652|1652|0,00|0,00|0,00|0,00|0,00|0,00|0|||0,00|0,00|0,00||||||||||||||
|C190|060|1652|0,00|65550,00|0,00|0,00|0,00|0,00|0,00|0,00||
|C100|0|1|01466091001190|55|00|001|53709|42170601466091001190550010000537091917782090|26062017|26062017|22550,00|2|0,00|0,00|22550,00|1|0,00|0,00|0,00|0,00|0,00|0,00|0,00|0,00|||||
|C110|3|O Transportador Fica Responsavel Pela Entrega e Seguranca da Mercadoria Transportada ate o Seu Destino Final. Pis e Cofins pagos Conf. paragrafo 4.o Ar|
|C170|1|5|OLEO DIESEL S10|10000,00000|L|22550,00|0,00|0|060|1652|1652|0,00|0,00|0,00|0,00|0,00|0,00|0|||0,00|0,00|0,00||||||||||||||
|C190|060|1652|0,00|22550,00|0,00|0,00|0,00|0,00|0,00|0,00||
|C100|0|1|01466091001190|55|00|001|53710|42170601466091001190550010000537101306431119|26062017|26062017|28150,00|2|0,00|0,00|28150,00|1|0,00|0,00|0,00|0,00|0,00|0,00|0,00|0,00|||||
|C110|3|O Transportador Fica Responsavel Pela Entrega e Seguranca da Mercadoria Transportada ate o Seu Destino Final. Pis e Cofins pagos Conf. paragrafo 4.o Ar|
|C170|1|2|GASOLINA ADITIVADA|10000,00000|L|28150,00|0,00|0|060|1652|1652|0,00|0,00|0,00|0,00|0,00|0,00|0|||0,00|0,00|0,00||||||||||||||
|C190|060|1652|0,00|28150,00|0,00|0,00|0,00|0,00|0,00|0,00||
|C100|0|1|01466091001190|55|00|001|53711|42170601466091001190550010000537111703659300|26062017|26062017|32775,00|2|0,00|0,00|32775,00|1|0,00|0,00|0,00|0,00|0,00|0,00|0,00|0,00|||||
|C110|3|O Transportador Fica Responsavel Pela Entrega e Seguranca da Mercadoria Transportada ate o Seu Destino Final. Pis e Cofins pagos Conf. paragrafo 4.o Ar|
|C170|1|4|OLEO DIESEL B S500|15000,00000|L|32775,00|0,00|0|060|1652|1652|0,00|0,00|0,00|0,00|0,00|0,00|0|||0,00|0,00|0,00||||||||||||||
|C190|060|1652|0,00|32775,00|0,00|0,00|0,00|0,00|0,00|0,00||
|C100|0|1|01466091001190|55|00|001|53749|42170601466091001190550010000537491508479290|27062017|27062017|32775,00|2|0,00|0,00|32775,00|1|0,00|0,00|0,00|0,00|0,00|0,00|0,00|0,00|||||
|C110|3|O Transportador Fica Responsavel Pela Entrega e Seguranca da Mercadoria Transportada ate o Seu Destino Final. Pis e Cofins pagos Conf. paragrafo 4.o Ar|
|C170|1|4|OLEO DIESEL B S500|15000,00000|L|32775,00|0,00|0|060|1652|1652|0,00|0,00|0,00|0,00|0,00|0,00|0|||0,00|0,00|0,00||||||||||||||
|C190|060|1652|0,00|32775,00|0,00|0,00|0,00|0,00|0,00|0,00||
|C100|0|1|01466091001190|55|00|001|53750|42170601466091001190550010000537501770635121|27062017|27062017|11275,00|2|0,00|0,00|11275,00|1|0,00|0,00|0,00|0,00|0,00|0,00|0,00|0,00|||||
|C110|3|O Transportador Fica Responsavel Pela Entrega e Seguranca da Mercadoria Transportada ate o Seu Destino Final. Pis e Cofins pagos Conf. paragrafo 4.o Ar|
|C170|1|5|OLEO DIESEL S10|5000,00000|L|11275,00|0,00|0|060|1652|1652|0,00|0,00|0,00|0,00|0,00|0,00|0|||0,00|0,00|0,00||||||||||||||
|C190|060|1652|0,00|11275,00|0,00|0,00|0,00|0,00|0,00|0,00||
|C100|0|1|00896571000156|55|00|001|537519|50170600896571000156550010005375191201706116|11062017|12062017|3730,66|2|0,00|0,00|3730,66|9|0,00|0,00|0,00|0,00|0,00|0,00|0,00|0,00|||||
|C170|1|ONLINE TIM|ONLINE TIM|2161,00000|UN|2064,08|0,00|1|041|2949|2949|0,00|0,00|0,00|0,00|0,00|0,00|0|||0,00|0,00|0,00||||||||||||||
|C170|2|ONLINE OI|ONLINE OI|232,00000|UN|220,40|0,00|1|041|2949|2949|0,00|0,00|0,00|0,00|0,00|0,00|0|||0,00|0,00|0,00||||||||||||||
|C170|3|ONLINE CLARO|ONLINE CLARO|160,00000|UN|152,00|0,00|1|041|2949|2949|0,00|0,00|0,00|0,00|0,00|0,00|0|||0,00|0,00|0,00||||||||||||||
|C170|4|ONLINE VIVO|ONLINE VIVO|1355,00000|UN|1294,18|0,00|1|041|2949|2949|0,00|0,00|0,00|0,00|0,00|0,00|0|||0,00|0,00|0,00||||||||||||||
|C190|041|2949|0,00|3730,66|0,00|0,00|0,00|0,00|0,00|0,00||
|C100|0|1|01466091001190|55|00|001|53817|42170601466091001190550010000538171879672006|28062017|28062017|11275,00|2|0,00|0,00|11275,00|1|0,00|0,00|0,00|0,00|0,00|0,00|0,00|0,00|||||
|C110|3|O Transportador Fica Responsavel Pela Entrega e Seguranca da Mercadoria Transportada ate o Seu Destino Final. Pis e Cofins pagos Conf. paragrafo 4.o Ar|
|C170|1|5|OLEO DIESEL S10|5000,00000|L|11275,00|0,00|0|060|1652|1652|0,00|0,00|0,00|0,00|0,00|0,00|0|||0,00|0,00|0,00||||||||||||||
|C190|060|1652|0,00|11275,00|0,00|0,00|0,00|0,00|0,00|0,00||
|C100|0|1|01466091001190|55|00|001|53825|42170601466091001190550010000538251707458113|28062017|28062017|14075,00|2|0,00|0,00|14075,00|1|0,00|0,00|0,00|0,00|0,00|0,00|0,00|0,00|||||
|C110|3|O Transportador Fica Responsavel Pela Entrega e Seguranca da Mercadoria Transportada ate o Seu Destino Final. Pis e Cofins pagos Conf. paragrafo 4.o Ar|
|C170|1|2|GASOLINA ADITIVADA|5000,00000|L|14075,00|0,00|0|060|1652|1652|0,00|0,00|0,00|0,00|0,00|0,00|0|||0,00|0,00|0,00||||||||||||||
|C190|060|1652|0,00|14075,00|0,00|0,00|0,00|0,00|0,00|0,00||
|C100|0|1|01466091001190|55|00|001|53826|42170601466091001190550010000538261474761401|28062017|28062017|32775,00|2|0,00|0,00|32775,00|1|0,00|0,00|0,00|0,00|0,00|0,00|0,00|0,00|||||
|C110|3|O Transportador Fica Responsavel Pela Entrega e Seguranca da Mercadoria Transportada ate o Seu Destino Final. Pis e Cofins pagos Conf. paragrafo 4.o Ar|
|C170|1|4|OLEO DIESEL B S500|15000,00000|L|32775,00|0,00|0|060|1652|1652|0,00|0,00|0,00|0,00|0,00|0,00|0|||0,00|0,00|0,00||||||||||||||
|C190|060|1652|0,00|32775,00|0,00|0,00|0,00|0,00|0,00|0,00||
|C100|0|1|77887412000209|55|00|006|538630|42170677887412000209550060005386301000359082|22062017|23062017|1988,91|2|0,00|0,00|1988,91|0|0,00|0,00|0,00|0,00|0,00|0,00|0,00|0,00|||||
|C170|1|6036|CIG. MARLBORO DOUBLE MIX|6,00000|UN|480,66|0,00|0|060|1102|1102|0,00|0,00|0,00|0,00|0,00|0,00|0|||0,00|0,00|0,00||||||||||||||
|C170|2|856|CIG. MARLBORO GOLD BOX|6,00000|UN|453,18|0,00|0|060|1102|1102|0,00|0,00|0,00|0,00|0,00|0,00|0|||0,00|0,00|0,00||||||||||||||
|C170|3|857|CIG. MARLBORO GOLD MACO|4,00000|UN|283,80|0,00|0|060|1102|1102|0,00|0,00|0,00|0,00|0,00|0,00|0|||0,00|0,00|0,00||||||||||||||
|C170|4|853|CIG. MARLBORO BLUE ICE MACO|4,00000|PCT|283,80|0,00|0|060|1102|1102|0,00|0,00|0,00|0,00|0,00|0,00|0|||0,00|0,00|0,00||||||||||||||
|C170|5|788|CIG. L&M BOX|3,00000|UN|199,11|0,00|0|060|1102|1102|0,00|0,00|0,00|0,00|0,00|0,00|0|||0,00|0,00|0,00||||||||||||||
|C170|6|7451|CIG. CHESTERFIELD BLUE BOX|6,00000|PCT|288,36|0,00|0|060|1102|1102|0,00|0,00|0,00|0,00|0,00|0,00|0|||0,00|0,00|0,00||||||||||||||
|C190|060|1102|0,00|1988,91|0,00|0,00|0,00|0,00|0,00|0,00||
|C100|0|1|01466091001190|55|00|001|53907|42170601466091001190550010000539071306797747|30062017|30062017|14075,00|2|0,00|0,00|14075,00|9|0,00|0,00|0,00|0,00|0,00|0,00|0,00|0,00|||||
|C170|1|2|GASOLINA ADITIVADA|5000,00000|L|14075,00|0,00|0|060|1652|1652|0,00|0,00|0,00|0,00|0,00|0,00|0|||0,00|0,00|0,00||||||||||||||
|C190|060|1652|0,00|14075,00|0,00|0,00|0,00|0,00|0,00|0,00||
|C100|0|1|01466091001190|55|00|001|53908|42170601466091001190550010000539081970108211|30062017|30062017|42075,00|2|0,00|0,00|42075,00|9|0,00|0,00|0,00|0,00|0,00|0,00|0,00|0,00|||||
|C170|1|1|GASOLINA COMUM|10000,00000|L|28050,00|0,00|0|060|1652|1652|0,00|0,00|0,00|0,00|0,00|0,00|0|||0,00|0,00|0,00||||||||||||||
|C170|2|1|GASOLINA COMUM|5000,00000|L|14025,00|0,00|0|060|1652|1652|0,00|0,00|0,00|0,00|0,00|0,00|0|||0,00|0,00|0,00||||||||||||||
|C190|060|1652|0,00|42075,00|0,00|0,00|0,00|0,00|0,00|0,00||
|C100|0|1|01466091001190|55|00|001|53950|42170601466091001190550010000539501618305522|30062017|30062017|54625,00|2|0,00|0,00|54625,00|9|0,00|0,00|0,00|0,00|0,00|0,00|0,00|0,00|||||
|C170|1|4|OLEO DIESEL B S500|25000,00000|L|54625,00|0,00|0|060|1652|1652|0,00|0,00|0,00|0,00|0,00|0,00|0|||0,00|0,00|0,00||||||||||||||
|C190|060|1652|0,00|54625,00|0,00|0,00|0,00|0,00|0,00|0,00||
|C100|0|1|01466091001190|55|00|001|53951|42170601466091001190550010000539511792855807|30062017|30062017|22550,00|2|0,00|0,00|22550,00|9|0,00|0,00|0,00|0,00|0,00|0,00|0,00|0,00|||||
|C170|1|5|OLEO DIESEL S10|10000,00000|L|22550,00|0,00|0|060|1652|1652|0,00|0,00|0,00|0,00|0,00|0,00|0|||0,00|0,00|0,00||||||||||||||
|C190|060|1652|0,00|22550,00|0,00|0,00|0,00|0,00|0,00|0,00||
|C100|0|1|00896571000156|55|00|001|540013|50170600896571000156550010005400131201706184|18062017|18062017|4734,54|2|0,00|0,00|4734,54|9|0,00|0,00|0,00|0,00|0,00|0,00|0,00|0,00|||||
|C170|1|ONLINE TIM|ONLINE TIM|2394,00000|UN|2286,71|0,00|1|041|2949|2949|0,00|0,00|0,00|0,00|0,00|0,00|0|||0,00|0,00|0,00||||||||||||||
|C170|2|ONLINE OI|ONLINE OI|318,00000|UN|302,10|0,00|1|041|2949|2949|0,00|0,00|0,00|0,00|0,00|0,00|0|||0,00|0,00|0,00||||||||||||||
|C170|3|ONLINE CLARO|ONLINE CLARO|273,00000|UN|259,35|0,00|1|041|2949|2949|0,00|0,00|0,00|0,00|0,00|0,00|0|||0,00|0,00|0,00||||||||||||||
|C170|4|ONLINE VIVO|ONLINE VIVO|1975,00000|UN|1886,38|0,00|1|041|2949|2949|0,00|0,00|0,00|0,00|0,00|0,00|0|||0,00|0,00|0,00||||||||||||||
|C190|041|2949|0,00|4734,54|0,00|0,00|0,00|0,00|0,00|0,00||
|C100|0|1|17793446000113|55|00|001|541|42170617793446000113550010000005411000456109|22062017|23062017|490,00|2|0,00|0,00|490,00|9|0,00|0,00|0,00|490,00|6,13|0,00|0,00|0,00|||||
|C170|1|2266|GELO ERA DO GELO 3KG|140,00000|UN|490,00|0,00|0|000|1102|1102|490,00|1,25|6,13|0,00|0,00|0,00|0|||0,00|0,00|0,00||||||||||||||
|C190|000|1102|1,25|490,00|490,00|6,13|0,00|0,00|0,00|0,00||
|C100|0|1|00896571000156|55|00|001|542533|50170600896571000156550010005425331201706256|25062017|26062017|4785,89|2|0,00|0,00|4785,89|9|0,00|0,00|0,00|0,00|0,00|0,00|0,00|0,00|||||
|C170|1|ONLINE TIM|ONLINE TIM|2299,00000|UN|2195,94|0,00|1|041|2949|2949|0,00|0,00|0,00|0,00|0,00|0,00|0|||0,00|0,00|0,00||||||||||||||
|C170|2|ONLINE OI|ONLINE OI|298,00000|UN|283,10|0,00|1|041|2949|2949|0,00|0,00|0,00|0,00|0,00|0,00|0|||0,00|0,00|0,00||||||||||||||
|C170|3|ONLINE CLARO|ONLINE CLARO|131,00000|UN|124,45|0,00|1|041|2949|2949|0,00|0,00|0,00|0,00|0,00|0,00|0|||0,00|0,00|0,00||||||||||||||
|C170|4|ONLINE VIVO|ONLINE VIVO|2285,00000|UN|2182,40|0,00|1|041|2949|2949|0,00|0,00|0,00|0,00|0,00|0,00|0|||0,00|0,00|0,00||||||||||||||
|C190|041|2949|0,00|4785,89|0,00|0,00|0,00|0,00|0,00|0,00||
|C100|0|1|00064544000117|55|00|001|557|42170600064544000117550010000005571942043543|13062017|14062017|532,00|2|0,00|0,00|532,00|0|0,00|0,00|0,00|532,00|0,00|0,00|0,00|0,00|||||
|C110|3|VALOR APROXIMADO DOS TRIBUTOS FEDERAIS: R$ 47,51 (8,93%), ESTADUAIS: R$ 90,44 (17,00%), MUNICIPAIS: R$ 0,00, CONFORME LEI 12.741/2012 FONTE: IBPT DOCUM|
|C170|1|2587|DOCE DE BANANA 200G|10,00000|UN|31,00|0,00|0|000|1102|1102|31,00|0,00|0,00|0,00|0,00|0,00|0|||0,00|0,00|0,00||||||||||||||
|C170|2|2590|DOCE DE LEITE 200G|10,00000|PC|33,00|0,00|0|000|1102|1102|33,00|0,00|0,00|0,00|0,00|0,00|0|||0,00|0,00|0,00||||||||||||||
|C170|3|6254|DOCE DE LEITE COM CHOCOLATE 200G|10,00000|PC|33,00|0,00|0|000|1102|1102|33,00|0,00|0,00|0,00|0,00|0,00|0|||0,00|0,00|0,00||||||||||||||
|C170|4|314|CARGA PESADA 30 ML|1,00000|UN|95,00|0,00|0|000|1102|1102|95,00|0,00|0,00|0,00|0,00|0,00|0|||0,00|0,00|0,00||||||||||||||
|C170|5|553|EPAMIX 10 ML|1,00000|CX|80,00|0,00|0|000|1102|1102|80,00|0,00|0,00|0,00|0,00|0,00|0|||0,00|0,00|0,00||||||||||||||
|C170|6|614|FORCE 220V 6UND|2,00000|CX|260,00|0,00|0|000|1102|1102|260,00|0,00|0,00|0,00|0,00|0,00|0|||0,00|0,00|0,00||||||||||||||
|C190|000|1102|0,00|532,00|532,00|0,00|0,00|0,00|0,00|0,00||
|C100|0|1|05254957001664|55|00|001|592219|42170605254957001664550010005922191285179789|06062017|07062017|1279,52|2|0,00|0,00|1160,99|9|47,66|0,00|14,17|1057,09|179,71|1488,90|104,36|0,00|||||
|C110|2|VAL. ICMS ST RETIDO ANT.: 104.36|
|C170|1|2951|CERV. NOVA SCHIN LATA 350ML|40,00000|UN|640,63|0,00|0|010|1102|1102|640,63|17,00|108,91|902,32|0,00|63,25|0|||0,00|0,00|0,00||||||||||||||
|C170|2|5309|CERV. DEVASSA LOURA 350 ML|10,00000|A|207,11|0,00|0|010|1102|1102|207,11|17,00|35,21|291,71|0,00|20,45|0|||0,00|0,00|0,00||||||||||||||
|C170|3|2087|CERV. SCHIN PILSEN 473ML|5,00000|UN|122,98|0,00|0|010|1102|1102|122,98|17,00|20,91|173,22|0,00|12,14|0|||0,00|0,00|0,00||||||||||||||
|C170|4|4482|CERV. SCHIN ZERO ALCOOL LATA|1,00000|UN|26,88|0,00|0|010|1102|1102|26,88|17,00|4,57|37,86|0,00|2,65|0|||0,00|0,00|0,00||||||||||||||
|C170|5|732|ITUBAINA 2 LITROS|3,00000|UN|56,24|0,00|0|060|1102|1102|0,00|0,00|0,00|0,00|0,00|0,00|0|||0,00|0,00|0,00||||||||||||||
|C170|6|2837|SUCO SKINKA FRUTAS CITRICAS 450ML|2,00000|UN|39,66|0,00|0|010|1102|1102|39,66|17,00|6,74|55,86|0,00|3,92|0|||0,00|0,00|0,00||||||||||||||
|C170|7|3593|SKINKA FRUTAS VERMELHAS 450ML|1,00000|UN|19,83|0,00|0|010|1102|1102|19,83|17,00|3,37|27,93|0,00|1,96|0|||0,00|0,00|0,00||||||||||||||
|C190|010|1102|17,00|1220,28|1057,09|179,71|1488,90|104,36|0,00|0,00||
|C190|060|1102|0,00|59,24|0,00|0,00|0,00|0,00|0,00|0,00||
|C100|0|1|05254957001664|55|00|001|594439|42170605254957001664550010005944391816907308|13062017|14062017|3094,10|2|0,00|0,00|2789,29|9|0,00|0,00|35,47|2677,21|626,80|4284,66|376,78|107,44|||||
|C110|3|BASE ICMS ST: - 902402RE 698,40 74,39. - 903131RE 607,20 80,74. - 903212RE 772,80 72,32. - 902410RE 786,00 40,87. - 901781RE 532,80 52,66.. - 902093RE|
|C110|2|VAL. ICMS ST RETIDO ANT.: 376.78|
|C170|1|2951|CERV. NOVA SCHIN LATA 350ML|20,00000|UN|395,37|0,00|0|010|1102|1102|400,83|25,00|100,21|698,40|0,00|74,39|0|00||395,37|4,50|18,04||||||||||||||
|C170|2|5309|CERV. DEVASSA LOURA 350 ML|20,00000|A|280,07|0,00|0|510|1102|1102|284,25|25,00|71,06|607,20|0,00|80,74|0|00||280,07|4,50|12,79||||||||||||||
|C170|3|6082|CERV. EISENBAHN PILSEN 350 ML LATA|20,00000|UN|477,12|0,00|0|010|1102|1102|483,52|25,00|120,88|772,80|0,00|72,32|0|00||477,12|4,50|21,76||||||||||||||
|C170|4|2087|CERV. SCHIN PILSEN 473ML|25,00000|UN|614,87|0,00|0|010|1102|1102|622,53|25,00|155,63|786,00|0,00|40,87|0|00||614,87|4,50|28,01||||||||||||||
|C170|5|545|CERV.  EISENBAHN PILSEN 355ML|10,00000|UN|317,84|0,00|0|010|1102|1102|322,15|25,00|80,54|532,80|0,00|52,66|0|00||317,84|4,50|14,50||||||||||||||
|C170|6|2837|SUCO SKINKA FRUTAS CITRICAS 450ML|2,00000|UN|39,66|0,00|0|060|1102|1102|0,00|0,00|0,00|0,00|0,00|0,00|0|00||39,66|2,25|0,90||||||||||||||
|C170|7|2913|ITUBAINA GARRAFINHA 237ML|6,00000|UN|52,16|0,00|0|010|1102|1102|52,83|17,00|8,98|94,32|0,00|7,05|0|00||52,16|1,50|0,79||||||||||||||
|C170|8|946|MINI SCHIN LIMAO 250ML|3,00000|UN|25,85|0,00|0|010|1102|1102|26,19|17,00|4,45|47,16|0,00|3,56|0|00||25,85|2,25|0,59||||||||||||||
|C170|9|945|MINI SCHIN LARANJA 250ML|3,00000|UN|25,85|0,00|0|010|1102|1102|26,19|17,00|4,45|47,16|0,00|3,56|0|00||25,85|2,25|0,59||||||||||||||
|C170|10|1750|MINI SCHIN COLA 250ML|3,00000|UN|25,33|0,00|0|010|1102|1102|25,67|17,00|4,36|48,60|0,00|3,90|0|00||25,33|3,00|0,77||||||||||||||
|C170|11|2024|MINI SCHIN GUARANA 250ML|3,00000|UN|26,07|0,00|0|010|1102|1102|26,41|17,00|4,49|47,16|0,00|3,53|0|00||26,07|1,50|0,40||||||||||||||
|C170|12|734|ITUBAINA RETRO LATA 350ML|3,00000|UN|42,18|0,00|0|010|1102|1102|42,73|17,00|7,26|78,84|0,00|6,14|0|00||42,18|1,50|0,64||||||||||||||
|C170|13|2836|REFRIGERANTE SCHIN CITRUS 350ML|3,00000|UN|36,83|0,00|0|010|1102|1102|37,33|17,00|6,35|78,84|0,00|7,06|0|00||36,83|2,25|0,84||||||||||||||
|C170|14|5970|SUKITA UVA 200 ML|3,00000|UN|36,83|0,00|0|010|1102|1102|37,33|17,00|6,35|78,84|0,00|7,06|0|00||36,83|2,25|0,84||||||||||||||
|C170|15|733|ITUBAINA 2 LITROS MACA|2,00000|UN|37,15|0,00|0|010|1102|1102|37,59|17,00|6,39|45,24|0,00|1,30|0|00||37,15|2,25|0,85||||||||||||||
|C170|16|732|ITUBAINA 2 LITROS|4,00000|UN|74,97|0,00|0|010|1102|1102|75,85|17,00|12,89|90,48|0,00|2,49|0|00||74,97|1,50|1,14||||||||||||||
|C170|17|2835|REFRIGERANTE SKIN GUARANA 2LT|2,00000|UN|35,00|0,00|0|510|1102|1102|35,42|17,00|6,02|45,24|0,00|1,67|0|00||35,00|1,50|0,53||||||||||||||
|C170|18|735|ITUBAINA RETRO SCHIN 355ML|4,00000|UN|82,43|0,00|0|510|1102|1102|83,38|17,00|14,17|87,84|0,00|0,76|0|00||82,43|1,50|1,25||||||||||||||
|C170|19|7461|SCHIN COLA 350ML|2,00000|UN|23,86|0,00|0|010|1102|1102|24,19|17,00|4,11|54,96|0,00|5,23|0|00||23,86|3,00|0,73||||||||||||||
|C170|20|4571|CERV. EISENBAHN PILSEN 600ML|1,00000|UN|32,41|0,00|0|510|1102|1102|32,82|25,00|8,21|42,78|0,00|2,49|0|00||32,41|4,50|1,48||||||||||||||
|C190|510|1102|17,00|121,36|118,80|20,19|133,08|2,43|0,00|1,78||
|C190|010|1102|17,00|463,13|412,31|70,08|711,60|50,88|0,00|8,18||
|C190|510|1102|25,00|399,68|317,07|79,27|649,98|83,23|0,00|14,27||
|C190|060|1102|0,00|40,16|0,00|0,00|0,00|0,00|0,00|0,90||
|C190|010|1102|25,00|2069,77|1829,03|457,26|2790,00|240,24|0,00|82,31||
|C100|0|1|05254957001664|55|00|001|596743|42170605254957001664550010005967431258048092|20062017|21062017|1477,62|2|0,00|0,00|1311,61|9|0,00|0,00|16,92|1218,32|285,75|2043,42|199,13|50,04|||||
|C110|3|BASE ICMS ST: - 901781RE 106,56 13,68. - 902406RE 232,80 24,92. - 902410RE 1.257,60 131,66. - 902501RE 51,24 6,20. - 903128RE 70,56 7,52. - 902321RE 52|
|C110|2|VAL. ICMS ST RETIDO ANT.: 199.13|
|C170|1|545|CERV.  EISENBAHN PILSEN 355ML|2,00000|UN|51,09|0,00|0|010|1102|1102|51,84|25,00|12,96|106,56|0,00|13,68|0|00||51,09|4,50|2,33||||||||||||||
|C170|2|2951|CERV. NOVA SCHIN LATA 350ML|10,00000|UN|131,29|0,00|0|010|1102|1102|133,11|25,00|33,28|232,80|0,00|24,92|0|00||131,29|4,50|5,99||||||||||||||
|C170|3|2087|CERV. SCHIN PILSEN 473ML|40,00000|UN|721,05|0,00|0|010|1102|1102|730,97|25,00|182,74|1257,60|0,00|131,66|0|00||721,05|4,50|32,89||||||||||||||
|C170|4|722|KIRIN ICHIBAN 355 ML|1,00000|UN|26,06|0,00|0|510|1102|1102|26,43|25,00|6,61|51,24|0,00|6,20|0|00||26,06|4,50|1,19||||||||||||||
|C170|5|5107|CERV. DEVASSA TROPICAL LAGER 473ML|2,00000|UN|39,92|0,00|0|010|1102|1102|40,47|25,00|10,12|70,56|0,00|7,52|0|00||39,92|4,50|1,82||||||||||||||
|C170|6|734|ITUBAINA RETRO LATA 350ML|2,00000|UN|28,12|0,00|0|010|1102|1102|28,49|17,00|4,84|52,56|0,00|4,09|0|00||28,12|1,50|0,43||||||||||||||
|C170|7|733|ITUBAINA 2 LITROS MACA|2,00000|UN|37,15|0,00|0|010|1102|1102|37,59|17,00|6,39|45,24|0,00|1,30|0|00||37,15|2,25|0,85||||||||||||||
|C170|8|732|ITUBAINA 2 LITROS|2,00000|UN|37,49|0,00|0|510|1102|1102|37,93|17,00|6,45|45,24|0,00|1,24|0|00||37,49|1,50|0,57||||||||||||||
|C170|9|2835|REFRIGERANTE SKIN GUARANA 2LT|3,00000|UN|52,49|0,00|0|510|1102|1102|53,11|17,00|9,03|67,86|0,00|2,51|0|00||52,49|1,50|0,80||||||||||||||
|C170|10|2913|ITUBAINA GARRAFINHA 237ML|4,00000|UN|34,77|0,00|0|010|1102|1102|35,22|17,00|5,99|62,88|0,00|4,70|0|00||34,77|1,50|0,53||||||||||||||
|C170|11|2837|SUCO SKINKA FRUTAS CITRICAS 450ML|2,00000|UN|39,66|0,00|0|060|1102|1102|0,00|0,00|0,00|0,00|0,00|0,00|0|00||39,66|2,25|0,90||||||||||||||
|C170|12|3593|SKINKA FRUTAS VERMELHAS 450ML|1,00000|UN|19,83|0,00|0|060|1102|1102|0,00|0,00|0,00|0,00|0,00|0,00|0|00||19,83|2,25|0,45||||||||||||||
|C170|13|5871|ENERGY K ORIGINAL 500ML|2,00000|UN|42,65|0,00|0|010|1102|1102|43,16|17,00|7,34|50,88|0,00|1,31|0|00||42,65|3,00|1,29||||||||||||||
|C190|510|1102|17,00|94,89|91,04|15,48|113,10|3,75|0,00|1,37||
|C190|010|1102|17,00|155,93|144,46|24,56|211,56|11,40|0,00|3,10||
|C190|510|1102|25,00|32,60|26,43|6,61|51,24|6,20|0,00|1,19||
|C190|060|1102|0,00|60,26|0,00|0,00|0,00|0,00|0,00|1,35||
|C190|010|1102|25,00|1133,94|956,39|239,10|1667,52|177,78|0,00|43,03||
|C100|0|1|93209765043940|55|00|011|601202|42170693209765043940550110006012021759110825|14062017|14062017|960,80|2|0,00|0,00|960,80|0|0,00|0,00|0,00|802,40|136,41|0,00|0,00|0,00|||||
|C110|3|WMS Secao 3 Obj. 33 CG 2483019 VE 2074022 PED/TAB 503934/6111 R 0000 PLA 25 21 BOL 0,% CLI 433-2070881 IMPOSTO RETIDO POR SUBSTITUICAO TRIBUTARIA - BAS|
|C170|1|2045|ISQUEIRO BIC GRAPHIC COLORIDO|24,00000|UN|549,36|0,00|0|000|1102|1102|549,36|17,00|93,39|0,00|0,00|0,00|0|||0,00|0,00|0,00||||||||||||||
|C170|2|723|ISQUEIRO BIC MAX|2,00000|UN|253,04|0,00|0|000|1102|1102|253,04|17,00|43,02|0,00|0,00|0,00|0|||0,00|0,00|0,00||||||||||||||
|C170|3|648|GATORADE LARANJA 500ML|2,00000|UN|39,60|0,00|0|060|1102|1102|0,00|0,00|0,00|0,00|0,00|0,00|0|||0,00|0,00|0,00||||||||||||||
|C170|4|649|GATORADE LIMAO 500ML|2,00000|UN|39,60|0,00|0|060|1102|1102|0,00|0,00|0,00|0,00|0,00|0,00|0|||0,00|0,00|0,00||||||||||||||
|C170|5|651|GATORADE MORANGO/MARACUJA500M|2,00000|UN|39,60|0,00|0|060|1102|1102|0,00|0,00|0,00|0,00|0,00|0,00|0|||0,00|0,00|0,00||||||||||||||
|C170|6|653|GATORADE UVA 500ML|2,00000|UN|39,60|0,00|0|060|1102|1102|0,00|0,00|0,00|0,00|0,00|0,00|0|||0,00|0,00|0,00||||||||||||||
|C190|000|1102|17,00|802,40|802,40|136,41|0,00|0,00|0,00|0,00||
|C190|060|1102|0,00|158,40|0,00|0,00|0,00|0,00|0,00|0,00||
|C100|0|1|93209765043940|55|00|011|607072|42170693209765043940550110006070721530726418|29062017|29062017|377,04|2|0,00|0,00|377,04|0|0,00|0,00|0,00|0,00|0,00|0,00|0,00|0,00|||||
|C110|3|WMS Secao 15 Obj. 33 CG 2489020 VE 2074022 PED/TAB 508836/6119 R 0000 PLA 17 14 BOL 0% CLI 433-2070881 IMPOSTO RETIDO POR SUBSTITUICAO TRIBUTARIA - BAS|
|C170|1|3604|GUARANA SCHIN LATA|4,00000|UN|61,92|0,00|0|060|1102|1102|0,00|0,00|0,00|0,00|0,00|0,00|0|||0,00|0,00|0,00||||||||||||||
|C170|2|5970|SUKITA UVA 200 ML|4,00000|UN|52,32|0,00|0|060|1102|1102|0,00|0,00|0,00|0,00|0,00|0,00|0|||0,00|0,00|0,00||||||||||||||
|C170|3|2087|CERV. SCHIN PILSEN 473ML|10,00000|UN|262,80|0,00|0|060|1102|1102|0,00|0,00|0,00|0,00|0,00|0,00|0|||0,00|0,00|0,00||||||||||||||
|C190|060|1102|0,00|377,04|0,00|0,00|0,00|0,00|0,00|0,00||
|C100|0|1|15868122000171|55|00|001|6214|42170615868122000171550010000062141000004745|06062017|07062017|600,00|2|0,00|0,00|600,00|9|0,00|0,00|0,00|600,00|102,00|0,00|0,00|0,00|||||
|C170|1|4568|PAO DE QUEIJO|25,00000|UN|600,00|0,00|0|000|1102|1102|600,00|17,00|102,00|0,00|0,00|0,00|0|||0,00|0,00|0,00||||||||||||||
|C190|000|1102|17,00|600,00|600,00|102,00|0,00|0,00|0,00|0,00||
|C100|0|1|15868122000171|55|00|001|6255|42170615868122000171550010000062551000004888|13062017|14062017|720,00|2|0,00|0,00|720,00|1|0,00|0,00|0,00|720,00|16,78|0,00|0,00|0,00|||||
|C110|3|CONFORME APROVADO PELO(S) PEDIDO(S)/CONTRATO(S) 4490 DE 13/06/2017    Documento emitido por ME ou EPP optante pelo Simples Nacional nos termos ART.23 d|
|C170|1|4568|PAO DE QUEIJO|30,00000|UN|720,00|0,00|0|000|1102|1102|720,00|2,33|16,78|0,00|0,00|0,00|0|||0,00|0,00|0,00||||||||||||||
|C190|000|1102|2,33|720,00|720,00|16,78|0,00|0,00|0,00|0,00||
|C100|0|1|15868122000171|55|00|001|6308|42170615868122000171550010000063081000004832|20062017|21062017|600,00|2|0,00|0,00|600,00|1|0,00|0,00|0,00|600,00|13,98|0,00|0,00|0,00|||||
|C110|3|CONFORME APROVADO PELO(S) PEDIDO(S)/CONTRATO(S) 4621 DE 20/06/2017    Documento emitido por ME ou EPP optante pelo Simples Nacional nos termos ART.23 d|
|C170|1|4568|PAO DE QUEIJO|25,00000|UN|600,00|0,00|0|000|1102|1102|600,00|2,33|13,98|0,00|0,00|0,00|0|||0,00|0,00|0,00||||||||||||||
|C190|000|1102|2,33|600,00|600,00|13,98|0,00|0,00|0,00|0,00||
|C100|0|1|15868122000171|55|00|001|6350|42170615868122000171550010000063501000004828|27062017|28062017|720,00|2|0,00|0,00|720,00|1|0,00|0,00|0,00|720,00|16,78|0,00|0,00|0,00|||||
|C110|3|CONFORME APROVADO PELO(S) PEDIDO(S)/CONTRATO(S) 4753 DE 27/06/2017    Documento emitido por ME ou EPP optante pelo Simples Nacional nos termos ART.23 d|
|C170|1|4568|PAO DE QUEIJO|30,00000|UN|720,00|0,00|0|000|1102|1102|720,00|2,33|16,78|0,00|0,00|0,00|0|||0,00|0,00|0,00||||||||||||||
|C190|000|1102|2,33|720,00|720,00|16,78|0,00|0,00|0,00|0,00||
|C100|0|1|06958597000168|55|00|001|66259|41170606958597000168550010000662591903079004|12062017|12062017|13860,50|2|0,00|0,00|11290,34|1|0,00|0,00|0,00|11290,34|1354,84|15700,00|2570,16|0,00|||||
|C110|3|Classificacao Fiscal/ 2207.10.90  / Combustivel: Auto Motor  BOLETIM DE CONFORMIDADE EM ANEXO, N: AH 1614/17 QU?MICO RESPONS?VEL: AN?LISES QU?MICAS E C|
|C110|2|VAL. ICMS ST RETIDO ANT.: 2570.16|
|C170|1|3|ETANOL|5000,00000|L|11290,34|0,00|0|010|2652|2652|11290,34|12,00|1354,84|15700,00|0,00|2570,16|0|||0,00|0,00|0,00||||||||||||||
|C190|010|2652|12,00|13860,50|11290,34|1354,84|15700,00|2570,16|0,00|0,00||
|C100|0|1|11777649000130|55|00|001|66723|42170611777649000130550010000667231000667234|07062017|07062017|116,06|2|0,00|0,00|116,06|9|0,00|0,00|0,00|21,66|3,68|0,00|0,00|0,00|||||
|C170|1|663|GOMA GOMETS FRUTAS 10 UND|2,00000|UN|21,66|0,00|0|000|1102|1102|21,66|17,00|3,68|0,00|0,00|0,00|0|||0,00|0,00|0,00||||||||||||||
|C170|2|995|PACOQUITA SANTA HELENA 22G|2,00000|UN|35,84|0,00|0|060|1102|1102|0,00|0,00|0,00|0,00|0,00|0,00|0|||0,00|0,00|0,00||||||||||||||
|C170|3|3660|MARILAN COOKIES ORIGINAL 80GR|12,00000|UN|25,56|0,00|0|060|1102|1102|0,00|0,00|0,00|0,00|0,00|0,00|0|||0,00|0,00|0,00||||||||||||||
|C170|4|3659|MARILIAN COOKIES CHOCOLATE 80G|15,00000|UN|33,00|0,00|0|060|1102|1102|0,00|0,00|0,00|0,00|0,00|0,00|0|||0,00|0,00|0,00||||||||||||||
|C190|000|1102|17,00|21,66|21,66|3,68|0,00|0,00|0,00|0,00||
|C190|060|1102|0,00|94,40|0,00|0,00|0,00|0,00|0,00|0,00||
|C100|0|1|11777649000130|55|00|001|67119|42170611777649000130550010000671191000671192|14062017|16062017|179,62|2|0,00|0,00|179,62|0|0,00|0,00|0,00|39,20|6,66|0,00|0,00|0,00|||||
|C110|3|Fonte IBPT (Val.Aprox.Trib.)\LP: 141636-99  R: 15000  V: 7  FP: BLOQUETO  Fantasia: GRANDE PARADA NORTE\LENTRADA PRINCIPAL DE PICARRAS\LICMS recolhido|
|C170|1|411|CHOCOLEITE 300ML|4,00000|UN|70,56|0,00|0|060|1102|1102|0,00|0,00|0,00|0,00|0,00|0,00|0|||0,00|0,00|0,00||||||||||||||
|C170|2|2030|FOSFORO UNIDADE|1,00000|UN|55,54|0,00|0|020|1102|1102|39,20|17,00|6,66|0,00|0,00|0,00|0|||0,00|0,00|0,00||||||||||||||
|C170|3|3661|MARILAN TORTINHAS BAUNY|12,00000|UN|19,44|0,00|0|060|1102|1102|0,00|0,00|0,00|0,00|0,00|0,00|0|||0,00|0,00|0,00||||||||||||||
|C170|4|6859|BOLACHA TORTINHAS MARILAN BOMBOM 160GR|12,00000|UN|19,44|0,00|0|060|1102|1102|0,00|0,00|0,00|0,00|0,00|0,00|0|||0,00|0,00|0,00||||||||||||||
|C170|5|7094|PITSTOP RECH. MISTO QUENTE 105GR|6,00000|PC|14,64|0,00|0|060|1102|1102|0,00|0,00|0,00|0,00|0,00|0,00|0|||0,00|0,00|0,00||||||||||||||
|C190|020|1102|17,00|55,54|39,20|6,66|0,00|0,00|16,34|0,00||
|C190|060|1102|0,00|124,08|0,00|0,00|0,00|0,00|0,00|0,00||
|C100|0|1|23620105000149|55|08|891|673527|42170682951310000156558910006735271385882006|02062017|03062017|47,30|2|0,00|0,00|47,30|9|0,00|0,00|0,00|0,00|0,00|0,00|0,00|0,00|||||
|C170|1|7187|BAGUETE DA RAQUEL|11,00000|UN|47,30|0,00|0|060|1102|1102|0,00|0,00|0,00|0,00|0,00|0,00|0|||0,00|0,00|0,00||||||||||||||
|C190|060|1102|0,00|47,30|0,00|0,00|0,00|0,00|0,00|0,00||
|C100|0|1|11777649000130|55|00|001|67398|42170611777649000130550010000673981000673980|21062017|21062017|463,86|2|0,00|0,00|463,86|0|0,00|0,00|0,00|179,50|30,52|0,00|0,00|0,00|||||
|C110|3|Fonte IBPT (Val.Aprox.Trib.)\LP: 142136-99  R: 15048  V: 7  FP: BLOQUETO  Fantasia: GRANDE PARADA NORTE\LENTRADA PRINCIPAL DE PICARRAS\LICMS recolhido|
|C170|1|3103|SALG BILU PIC PREMIUM CHUR 50G|20,00000|UN|16,20|0,00|0|060|1102|1102|0,00|0,00|0,00|0,00|0,00|0,00|0|||0,00|0,00|0,00||||||||||||||
|C170|2|3115|SALG BILU PIC PREMIUM PIZ 50G|20,00000|UN|16,20|0,00|0|060|1102|1102|0,00|0,00|0,00|0,00|0,00|0,00|0|||0,00|0,00|0,00||||||||||||||
|C170|3|2687|BARRA CEREAL TRIO MORANGO/CHOC|1,00000|UN|12,12|0,00|0|060|1102|1102|0,00|0,00|0,00|0,00|0,00|0,00|0|||0,00|0,00|0,00||||||||||||||
|C170|4|5834|BATON CREME MORANGO 16G|1,00000|UN|21,58|0,00|0|060|1102|1102|0,00|0,00|0,00|0,00|0,00|0,00|0|||0,00|0,00|0,00||||||||||||||
|C170|5|1660|CHOC BATON CREME LEITE 16G|1,00000|UN|21,58|0,00|0|060|1102|1102|0,00|0,00|0,00|0,00|0,00|0,00|0|||0,00|0,00|0,00||||||||||||||
|C170|6|188|BATON BASTON DUO 16 G|1,00000|UN|21,58|0,00|0|060|1102|1102|0,00|0,00|0,00|0,00|0,00|0,00|0|||0,00|0,00|0,00||||||||||||||
|C170|7|187|BATON BASTON 16 G|2,00000|UN|43,16|0,00|0|060|1102|1102|0,00|0,00|0,00|0,00|0,00|0,00|0|||0,00|0,00|0,00||||||||||||||
|C170|8|2027|CHOC LACTA SHOT AMENDOIM 155G|12,00000|UN|77,04|0,00|0|060|1102|1102|0,00|0,00|0,00|0,00|0,00|0,00|0|||0,00|0,00|0,00||||||||||||||
|C170|9|851|MANTEIGA DE CACAU 3.0G|1,00000|UN|41,82|0,00|0|020|1102|1102|29,52|17,00|5,02|0,00|0,00|0,00|0|||0,00|0,00|0,00||||||||||||||
|C170|10|4922|PILHA AA PALITO FIAT LUX C/2|1,00000|CX|42,72|0,00|0|000|1102|1102|42,72|17,00|7,26|0,00|0,00|0,00|0|||0,00|0,00|0,00||||||||||||||
|C170|11|4921|PILHA AA FIAT LUX C/2|1,00000|UN|39,43|0,00|0|000|1102|1102|39,43|17,00|6,70|0,00|0,00|0,00|0|||0,00|0,00|0,00||||||||||||||
|C170|12|7269|PRUDENCE CAFE 3UN.|12,00000|UN|35,40|0,00|0|020|1102|1102|24,98|17,00|4,25|0,00|0,00|0,00|0|||0,00|0,00|0,00||||||||||||||
|C170|13|2152|PRUDENCE CAIPIRINHA 3UN|12,00000|PC|35,40|0,00|0|020|1102|1102|24,98|17,00|4,25|0,00|0,00|0,00|0|||0,00|0,00|0,00||||||||||||||
|C170|14|2028|PRESERVATIVO PRUDENCE C/3 TRADICIONAL|12,00000|UN|25,32|0,00|0|020|1102|1102|17,87|17,00|3,04|0,00|0,00|0,00|0|||0,00|0,00|0,00||||||||||||||
|C170|15|1352|TOALHA UMEDECIDA ANJINHO AZUL|3,00000|PC|14,31|0,00|0|060|1102|1102|0,00|0,00|0,00|0,00|0,00|0,00|0|||0,00|0,00|0,00||||||||||||||
|C190|020|1102|17,00|137,94|97,35|16,56|0,00|0,00|40,59|0,00||
|C190|000|1102|17,00|82,15|82,15|13,96|0,00|0,00|0,00|0,00||
|C190|060|1102|0,00|243,77|0,00|0,00|0,00|0,00|0,00|0,00||
|C100|0|1|23620105000149|55|08|891|674370|42170682951310000156558910006743701191142338|05062017|05062017|77,40|2|0,00|0,00|77,40|9|0,00|0,00|0,00|0,00|0,00|0,00|0,00|0,00|||||
|C170|1|7187|BAGUETE DA RAQUEL|12,00000|UN|51,60|0,00|0|060|1102|1102|0,00|0,00|0,00|0,00|0,00|0,00|0|||0,00|0,00|0,00||||||||||||||
|C170|2|1928|BIG COXINHA|6,00000|UN|25,80|0,00|0|060|1102|1102|0,00|0,00|0,00|0,00|0,00|0,00|0|||0,00|0,00|0,00||||||||||||||
|C190|060|1102|0,00|77,40|0,00|0,00|0,00|0,00|0,00|0,00||
|C100|0|1|23620105000149|55|08|891|676961|42170682951310000156558910006769611356477902|08062017|08062017|34,40|2|0,00|0,00|34,40|9|0,00|0,00|0,00|0,00|0,00|0,00|0,00|0,00|||||
|C170|1|7187|BAGUETE DA RAQUEL|8,00000|UN|34,40|0,00|0|060|1102|1102|0,00|0,00|0,00|0,00|0,00|0,00|0|||0,00|0,00|0,00||||||||||||||
|C190|060|1102|0,00|34,40|0,00|0,00|0,00|0,00|0,00|0,00||
|C100|0|1|23620105000149|55|08|891|678462|42170682951310000156558910006784621625058953|10062017|10062017|51,60|2|0,00|0,00|51,60|9|0,00|0,00|0,00|51,60|0,00|0,00|0,00|0,00|||||
|C170|1|7187|BAGUETE DA RAQUEL|6,00000|UN|25,80|0,00|0|000|1102|1102|25,80|0,00|0,00|0,00|0,00|0,00|0|||0,00|0,00|0,00||||||||||||||
|C170|2|7187|BAGUETE DA RAQUEL|6,00000|UN|25,80|0,00|0|000|1102|1102|25,80|0,00|0,00|0,00|0,00|0,00|0|||0,00|0,00|0,00||||||||||||||
|C190|000|1102|0,00|51,60|51,60|0,00|0,00|0,00|0,00|0,00||
|C100|0|1|23620105000149|55|08|891|679768|42170682951310000156558910006797681002921004|13062017|13062017|79,00|2|8,60|0,00|87,60|9|0,00|0,00|0,00|87,60|0,00|0,00|0,00|0,00|||||
|C170|1|7187|BAGUETE DA RAQUEL|6,00000|UN|25,80|8,60|0|000|1102|1102|25,80|0,00|0,00|0,00|0,00|0,00|0|||0,00|0,00|0,00||||||||||||||
|C170|2|7187|BAGUETE DA RAQUEL|6,00000|UN|25,80|0,00|0|000|1102|1102|25,80|0,00|0,00|0,00|0,00|0,00|0|||0,00|0,00|0,00||||||||||||||
|C170|3|7547|PAO PICANTE DA RAQUEL 130G|6,00000|UND|15,00|0,00|0|000|1102|1102|15,00|0,00|0,00|0,00|0,00|0,00|0|||0,00|0,00|0,00||||||||||||||
|C170|4|7548|PAO PICANTE DA RAQUEL 300G|6,00000|UND|21,00|0,00|0|000|1102|1102|21,00|0,00|0,00|0,00|0,00|0,00|0|||0,00|0,00|0,00||||||||||||||
|C190|000|1102|0,00|79,00|87,60|0,00|0,00|0,00|0,00|0,00||
|C100|0|1|23620105000149|55|08|891|681642|42170682951310000156558910006816421776159414|16062017|16062017|51,60|2|0,00|0,00|51,60|9|0,00|0,00|0,00|51,60|0,00|0,00|0,00|0,00|||||
|C170|1|7187|BAGUETE DA RAQUEL|12,00000|UN|51,60|0,00|0|000|1102|1102|51,60|0,00|0,00|0,00|0,00|0,00|0|||0,00|0,00|0,00||||||||||||||
|C190|000|1102|0,00|51,60|51,60|0,00|0,00|0,00|0,00|0,00||
|C100|0|1|23620105000149|55|08|891|682536|42170682951310000156558910006825361812128643|19062017|19062017|51,60|2|0,00|0,00|51,60|9|0,00|0,00|0,00|51,60|0,00|0,00|0,00|0,00|||||
|C170|1|7187|BAGUETE DA RAQUEL|6,00000|UN|25,80|0,00|0|000|1102|1102|25,80|0,00|0,00|0,00|0,00|0,00|0|||0,00|0,00|0,00||||||||||||||
|C170|2|7187|BAGUETE DA RAQUEL|6,00000|UN|25,80|0,00|0|000|1102|1102|25,80|0,00|0,00|0,00|0,00|0,00|0|||0,00|0,00|0,00||||||||||||||
|C190|000|1102|0,00|51,60|51,60|0,00|0,00|0,00|0,00|0,00||
|C100|0|1|23620105000149|55|08|891|684269|42170682951310000156558910006842691124612430|21062017|21062017|51,60|2|0,00|0,00|51,60|9|0,00|0,00|0,00|51,60|0,00|0,00|0,00|0,00|||||
|C170|1|7187|BAGUETE DA RAQUEL|6,00000|UN|25,80|0,00|0|000|1102|1102|25,80|0,00|0,00|0,00|0,00|0,00|0|||0,00|0,00|0,00||||||||||||||
|C170|2|7187|BAGUETE DA RAQUEL|6,00000|UN|25,80|0,00|0|000|1102|1102|25,80|0,00|0,00|0,00|0,00|0,00|0|||0,00|0,00|0,00||||||||||||||
|C190|000|1102|0,00|51,60|51,60|0,00|0,00|0,00|0,00|0,00||
|C100|0|1|23620105000149|55|08|891|686117|42170682951310000156558910006861171364576398|23062017|23062017|51,60|2|0,00|0,00|51,60|9|0,00|0,00|0,00|51,60|0,00|0,00|0,00|0,00|||||
|C170|1|7187|BAGUETE DA RAQUEL|6,00000|UN|25,80|0,00|0|000|1102|1102|25,80|0,00|0,00|0,00|0,00|0,00|0|||0,00|0,00|0,00||||||||||||||
|C170|2|7187|BAGUETE DA RAQUEL|6,00000|UN|25,80|0,00|0|000|1102|1102|25,80|0,00|0,00|0,00|0,00|0,00|0|||0,00|0,00|0,00||||||||||||||
|C190|000|1102|0,00|51,60|51,60|0,00|0,00|0,00|0,00|0,00||
|C100|0|1|23620105000149|55|08|891|689889|42170682951310000156558910006898891365370867|29062017|29062017|51,60|2|0,00|0,00|51,60|9|0,00|0,00|0,00|51,60|0,00|0,00|0,00|0,00|||||
|C170|1|7187|BAGUETE DA RAQUEL|6,00000|UN|25,80|0,00|0|000|1102|1102|25,80|0,00|0,00|0,00|0,00|0,00|0|||0,00|0,00|0,00||||||||||||||
|C170|2|7187|BAGUETE DA RAQUEL|6,00000|UN|25,80|0,00|0|000|1102|1102|25,80|0,00|0,00|0,00|0,00|0,00|0|||0,00|0,00|0,00||||||||||||||
|C190|000|1102|0,00|51,60|51,60|0,00|0,00|0,00|0,00|0,00||
|C100|0|1|11124629000836|55|00|005|71688|42170611124629000836550050000716881999283114|09062017|09062017|1259,21|2|0,00|0,00|1259,21|0|0,00|0,00|0,00|26,40|4,49|0,00|0,00|0,00|||||
|C110|3|-  - GRANDE PARADA NORTE MENEGATTI -  -  root as 14:51:56 PARCELAS:( R$ 1232.81-25/06/2017)|
|C170|1|518|DJARUM BLACK MENTHOL|40,00000|UN|329,58|0,00|0|060|1102|1102|0,00|0,00|0,00|0,00|0,00|0,00|0|||0,00|0,00|0,00||||||||||||||
|C170|2|2045|ISQUEIRO BIC GRAPHIC COLORIDO|12,00000|UN|26,40|0,00|0|000|1910|1910|26,40|17,00|4,49|0,00|0,00|0,00|0|||0,00|0,00|0,00||||||||||||||
|C170|3|2581|CIG. CAMEL AMARELO|60,00000|UN|409,50|0,00|0|260|1102|1102|0,00|0,00|0,00|0,00|0,00|0,00|0|||0,00|0,00|0,00||||||||||||||
|C170|4|2582|CIG. CAMEL AZUL|5,00000|UN|34,13|0,00|0|260|1102|1102|0,00|0,00|0,00|0,00|0,00|0,00|0|||0,00|0,00|0,00||||||||||||||
|C170|5|5192|CIG. WINSTON CLASSIC NATURAL|5,00000|UN|25,05|0,00|0|260|1102|1102|0,00|0,00|0,00|0,00|0,00|0,00|0|||0,00|0,00|0,00||||||||||||||
|C170|6|5191|CIG. WINSTON BLUE NATURAL CIGARRO|5,00000|UN|25,05|0,00|0|260|1102|1102|0,00|0,00|0,00|0,00|0,00|0,00|0|||0,00|0,00|0,00||||||||||||||
|C170|7|3964|CIG. CAMEL DOUBLE MINT/PURPLE|50,00000|UN|409,50|0,00|0|260|1102|1102|0,00|0,00|0,00|0,00|0,00|0,00|0|||0,00|0,00|0,00||||||||||||||
|C190|260|1102|0,00|903,23|0,00|0,00|0,00|0,00|0,00|0,00||
|C190|060|1102|0,00|329,58|0,00|0,00|0,00|0,00|0,00|0,00||
|C190|000|1910|17,00|26,40|26,40|4,49|0,00|0,00|0,00|0,00||
|C100|0|1|17285863000155|55|00|001|7499|42170617285863000155550010000074991000074992|22062017|23062017|89,00|2|0,00|0,00|89,00|0|0,00|0,00|0,00|0,00|0,00|0,00|0,00|0,00|||||
|C110|3|I-DOC.EMITIDO P/ME OU EPP OPTANTE P/SIMPLES NACIONAL ;II-NAO GERA DIREITO A CREDITO FISCAL DE IPI EMPRESA ME OU EPP OPTANTE PELO SIMPLES NACIONAL. ICMS|
|C170|1|FILTRO DE AR 1/4|FILTRO DE AR 1/4|1,00000|UN|89,00|0,00|1|060|1556|1556|0,00|0,00|0,00|0,00|0,00|0,00|0|||0,00|0,00|0,00||||||||||||||
|C190|060|1556|0,00|89,00|0,00|0,00|0,00|0,00|0,00|0,00||
|C100|0|1|33009911028572|55|00|018|820266|42170633009911028572550180008202661173161908|07062017|07062017|7583,69|2|0,00|0,00|7350,33|9|0,00|0,00|0,00|6684,83|1136,44|8283,75|233,36|0,00|||||
|C110|2|VAL. ICMS ST RETIDO ANT.: 233.356926|
|C170|1|534|CIG. DUNHILL NANOCUT MASTER BLEND|1,00000|UN|366,02|0,00|0|010|1102|1102|366,02|17,00|62,22|453,57|0,00|12,78|0|||0,00|0,00|0,00||||||||||||||
|C170|2|507|CIG. DERBY PRATA MACO|1,00000|UN|310,56|0,00|0|010|1102|1102|310,56|17,00|52,80|384,84|0,00|10,84|0|||0,00|0,00|0,00||||||||||||||
|C170|3|831|CIG. LUCKY STRIKE CLICK&ROLL AZUL|1,00000|UN|128,66|0,00|0|010|1102|1102|128,66|17,00|21,87|159,43|0,00|4,49|0|||0,00|0,00|0,00||||||||||||||
|C170|4|832|CIG. LUCKY STRIKE FRESH CLICK ROLL|1,00000|UN|160,83|0,00|0|010|1102|1102|160,83|17,00|27,34|199,30|0,00|5,61|0|||0,00|0,00|0,00||||||||||||||
|C170|5|1075|CIG. PLAZA CURTO|1,00000|UN|248,45|0,00|0|010|1102|1102|248,45|17,00|42,24|307,88|0,00|8,67|0|||0,00|0,00|0,00||||||||||||||
|C170|6|714|CIG. HOLLYWOOD MINT BOX|1,00000|UN|321,65|0,00|0|010|1102|1102|321,65|17,00|54,68|398,58|0,00|11,23|0|||0,00|0,00|0,00||||||||||||||
|C170|7|711|CIG. HILTON AUTHENTIC KS TL|1,00000|UN|310,56|0,00|0|010|1102|1102|310,56|17,00|52,80|384,84|0,00|10,84|0|||0,00|0,00|0,00||||||||||||||
|C170|8|712|CIG. HILTON LONGO MACO|1,00000|UN|310,56|0,00|0|010|1102|1102|310,56|17,00|52,80|384,84|0,00|10,84|0|||0,00|0,00|0,00||||||||||||||
|C170|9|4567|CIG. LUCKY STRIKE DOUBLE CLICK|1,00000|UN|171,92|0,00|0|010|1102|1102|171,92|17,00|29,23|213,04|0,00|6,00|0|||0,00|0,00|0,00||||||||||||||
|C170|10|506|CIG. DERBY AZUL MACO|1,00000|UN|310,56|0,00|0|010|1102|1102|310,56|17,00|52,80|384,84|0,00|10,84|0|||0,00|0,00|0,00||||||||||||||
|C170|11|7302|FREE BOX AZUL POLI|1,00000|UN|343,84|0,00|0|010|1102|1102|343,84|17,00|58,45|426,08|0,00|12,00|0|||0,00|0,00|0,00||||||||||||||
|C170|12|7303|FREE MACO AZUL POLI|1,00000|UN|665,50|0,00|0|060|1102|1102|0,00|0,00|0,00|0,00|0,00|0,00|0|||0,00|0,00|0,00||||||||||||||
|C170|13|7287|FREE PRATA BOX POLI|1,00000|UN|206,30|0,00|0|010|1102|1102|206,30|17,00|35,07|255,64|0,00|7,20|0|||0,00|0,00|0,00||||||||||||||
|C170|14|7286|FREE MACO VERMELHO POLI|1,00000|UN|332,75|0,00|0|010|1102|1102|332,75|17,00|56,57|412,34|0,00|11,62|0|||0,00|0,00|0,00||||||||||||||
|C170|15|7285|FREE BOX VERMELHO POLI|1,00000|UN|343,84|0,00|0|010|1102|1102|343,84|17,00|58,45|426,08|0,00|12,00|0|||0,00|0,00|0,00||||||||||||||
|C170|16|6574|DERBY CAPSULE BOOST KS HL HW MENTA|1,00000|UN|155,28|0,00|0|010|1102|1102|155,28|17,00|26,40|192,42|0,00|5,42|0|||0,00|0,00|0,00||||||||||||||
|C170|17|5248|MINISTER UNIQUE BOX|1,00000|UN|46,58|0,00|0|010|1102|1102|46,58|17,00|7,92|57,72|0,00|1,63|0|||0,00|0,00|0,00||||||||||||||
|C170|18|2774|MINISTER UNIQUE KS NR|1,00000|UN|93,17|0,00|0|010|1102|1102|93,17|17,00|15,84|115,45|0,00|3,25|0|||0,00|0,00|0,00||||||||||||||
|C170|19|947|MINISTER SPECIAL MACO|1,00000|UN|2329,20|0,00|0|010|1102|1102|2329,20|17,00|395,96|2886,31|0,00|81,31|0|||0,00|0,00|0,00||||||||||||||
|C170|20|6595|CIG. DUNHILL DOUBLE|1,00000|UN|194,10|0,00|0|010|1102|1102|194,10|17,00|33,00|240,53|0,00|6,78|0|||0,00|0,00|0,00||||||||||||||
|C190|010|1102|17,00|6918,19|6684,83|1136,44|8283,75|233,36|0,00|0,00||
|C190|060|1102|0,00|665,50|0,00|0,00|0,00|0,00|0,00|0,00||
|C100|0|1|04310364000129|55|00|004|820778|42170604310364000129550040008207781000820779|05062017|09062017|260,85|2|0,00|0,00|260,85|0|0,00|0,00|0,00|0,00|0,00|0,00|0,00|0,00|||||
|C110|3|-VAL APROX DOS TRIBUTOS R$ 93,51 (35,85%) FONTE:IBPT -(CONFIRA A MERCADORIA NA ENTREGA, NAO ACEITAMOS RECLAMACOES POSTERIORES)  (PRAZO 21) (COD.CLIENTE|
|C170|1|COPO BOMPACK ABNT PREMIUM 050ML C/100 (BPT-050 TR PS) CEST:1|COPO BOMPACK ABNT PREMIUM 050ML C/100 (BPT-050 TR PS) CEST:1400600|50,00000|UN|79,50|0,00|1|060|1556|1556|0,00|0,00|0,00|0,00|0,00|0,00|0|||0,00|0,00|0,00||||||||||||||
|C170|2|COPO BOMPACK ABNT PREMIUM 180ML C/100 (BPT-180 TR PP) CEST:1|COPO BOMPACK ABNT PREMIUM 180ML C/100 (BPT-180 TR PP) CEST:1400600|25,00000|UN|69,75|0,00|1|060|1556|1556|0,00|0,00|0,00|0,00|0,00|0,00|0|||0,00|0,00|0,00||||||||||||||
|C170|3|COPO TERM. DART 180ML C/25 (180 J6) CEST:1400600|COPO TERM. DART 180ML C/25 (180 J6) CEST:1400600|40,00000|UN|111,60|0,00|1|060|1556|1556|0,00|0,00|0,00|0,00|0,00|0,00|0|||0,00|0,00|0,00||||||||||||||
|C190|060|1556|0,00|260,85|0,00|0,00|0,00|0,00|0,00|0,00||
|C100|0|1|04310364000129|55|00|004|824280|42170604310364000129550040008242801000824285|12062017|13062017|705,17|2|0,00|0,00|708,07|0|0,00|0,00|0,00|465,76|76,94|0,00|0,00|2,90|||||
|C110|3|-VAL APROX DOS TRIBUTOS R$ 242,13 (34,20%) FONTE:IBPT -(CONFIRA A MERCADORIA NA ENTREGA, NAO ACEITAMOS RECLAMACOES POSTERIORES)  (PRAZO 21) (COD.CLIENT|
|C170|1|BOBINA PDV 79X40 BOMPACK TERMOSCRIPT 1 VIA 55GR C/30|BOBINA PDV 79X40 BOMPACK TERMOSCRIPT 1 VIA 55GR C/30|4,00000|CX|375,56|0,00|1|020|1556|1556|265,10|17,00|45,07|0,00|0,00|0,00|0|||0,00|0,00|0,00||||||||||||||
|C170|2|CARTUCHO BRANCO MONO 2KG|CARTUCHO BRANCO MONO 2KG|5,00000|UN|134,45|0,00|1|020|1556|1556|94,91|17,00|16,13|0,00|0,00|0,00|0|||0,00|0,00|0,00||||||||||||||
|C170|3|LUVA BOMPACK VERNIZ AZUL M UN|LUVA BOMPACK VERNIZ AZUL M UN|4,00000|UN|13,16|0,00|1|190|1556|1556|13,16|4,00|0,00|0,00|0,00|0,00|0|||0,00|0,00|0,00||||||||||||||
|C170|4|P. MANTEIGA BOMPACK 0.28X7.5 MTS C/25|P. MANTEIGA BOMPACK 0.28X7.5 MTS C/25|1,00000|CX|58,00|0,00|1|000|1556|1556|58,00|17,00|9,86|0,00|0,00|0,00|0|00||58,00|5,00|2,90||||||||||||||
|C170|5|SACO DE LIXO 100L|SACO DE LIXO 100L|1,00000|FD|38,00|0,00|1|060|1556|1556|0,00|0,00|0,00|0,00|0,00|0,00|0|||0,00|0,00|0,00||||||||||||||
|C170|6|SACO DE LIXO 150 L|SACO DE LIXO 150 L|1,00000|CX|49,00|0,00|1|020|1556|1556|34,59|17,00|5,88|0,00|0,00|0,00|0|||0,00|0,00|0,00||||||||||||||
|C170|7|SACO DE LIXO 50 L|SACO DE LIXO 50 L|1,00000|UN|37,00|0,00|1|060|1556|1556|0,00|0,00|0,00|0,00|0,00|0,00|0|||0,00|0,00|0,00||||||||||||||
|C190|020|1556|17,00|559,01|394,60|67,08|0,00|0,00|164,41|0,00||
|C190|060|1556|0,00|75,00|0,00|0,00|0,00|0,00|0,00|0,00||
|C190|190|1556|4,00|13,16|13,16|0,00|0,00|0,00|0,00|0,00||
|C190|000|1556|17,00|58,00|58,00|9,86|0,00|0,00|0,00|2,90||
|C100|0|1|04310364000129|55|00|004|827882|42170604310364000129550040008278821000827889|20062017|21062017|281,10|2|0,00|0,00|281,10|0|0,00|0,00|0,00|91,53|15,56|0,00|0,00|0,00|||||
|C110|3|-VAL APROX DOS TRIBUTOS R$ 105,59 (37,56%) FONTE:IBPT -(CONFIRA A MERCADORIA NA ENTREGA, NAO ACEITAMOS RECLAMACOES POSTERIORES)  (PRAZO 21) (COD.CLIENT|
|C170|1|CART. BRANCO MONO 2KG|CART. BRANCO MONO 2KG|3,00000|UN|80,67|0,00|1|020|1556|1556|56,94|17,00|9,68|0,00|0,00|0,00|0|||0,00|0,00|0,00||||||||||||||
|C170|2|COLHER STRAW. FORTE BRANCA C/50 UN (CSB-606) CEST:1400600|COLHER STRAW. FORTE BRANCA C/50 UN (CSB-606) CEST:1400600|5,00000|UN|30,95|0,00|1|060|1556|1556|0,00|0,00|0,00|0,00|0,00|0,00|0|||0,00|0,00|0,00||||||||||||||
|C170|3|SACO DE LIUXO BOMBACK 15LT|SACO DE LIUXO BOMBACK 15LT|2,00000|UN|12,58|0,00|1|060|1556|1556|0,00|0,00|0,00|0,00|0,00|0,00|0|||0,00|0,00|0,00||||||||||||||
|C170|4|SACO DE LIXO BOMPACK 100L|SACO DE LIXO BOMPACK 100L|1,00000|FD|38,00|0,00|1|060|1556|1556|0,00|0,00|0,00|0,00|0,00|0,00|0|||0,00|0,00|0,00||||||||||||||
|C170|5|SACO DE LIXO BOMBACK 150L|SACO DE LIXO BOMBACK 150L|1,00000|CX|49,00|0,00|1|020|1556|1556|34,59|17,00|5,88|0,00|0,00|0,00|0|||0,00|0,00|0,00||||||||||||||
|C170|6|SACO DE LIXO BOMPACK 50L|SACO DE LIXO BOMPACK 50L|1,00000|UN|37,00|0,00|1|060|1556|1556|0,00|0,00|0,00|0,00|0,00|0,00|0|||0,00|0,00|0,00||||||||||||||
|C170|7|TELA ODORIZANTE CEREJA (VERMELHO) CEST:1001300|TELA ODORIZANTE CEREJA (VERMELHO) CEST:1001300|10,00000|UN|32,90|0,00|1|060|1556|1556|0,00|0,00|0,00|0,00|0,00|0,00|0|||0,00|0,00|0,00||||||||||||||
|C190|020|1556|17,00|129,67|91,53|15,56|0,00|0,00|38,14|0,00||
|C190|060|1556|0,00|151,43|0,00|0,00|0,00|0,00|0,00|0,00||
|C100|0|1|04310364000129|55|00|004|830767|42170604310364000129550040008307671000830766|26062017|28062017|559,04|2|0,00|0,00|561,94|0|0,00|0,00|0,00|302,63|51,45|0,00|0,00|2,90|||||
|C110|3|-VAL APROX DOS TRIBUTOS R$ 209,73 (37,32%) FONTE:IBPT -(CONFIRA A MERCADORIA NA ENTREGA, NAO ACEITAMOS RECLAMACOES POSTERIORES)  (PRAZO 21) (COD.CLIENT|
|C170|1|CARTUCHO BRANCO MONO 2KG|CARTUCHO BRANCO MONO 2KG|4,00000|UN|107,56|0,00|1|020|1556|1556|75,93|17,00|12,91|0,00|0,00|0,00|0|||0,00|0,00|0,00||||||||||||||
|C170|2|CART.HAMBURGAO SIMPLES 14X40CM C/500|CART.HAMBURGAO SIMPLES 14X40CM C/500|2,00000|UN|29,18|0,00|1|020|1556|1556|20,60|17,00|3,50|0,00|0,00|0,00|0|||0,00|0,00|0,00||||||||||||||
|C170|3|COPO BOMPACK ABNT PREMIUM 050ML C/100 (BPT-050 TR PS) CEST:1|COPO BOMPACK ABNT PREMIUM 050ML C/100 (BPT-050 TR PS) CEST:1400600|50,00000|UN|79,50|0,00|1|060|1556|1556|0,00|0,00|0,00|0,00|0,00|0,00|0|||0,00|0,00|0,00||||||||||||||
|C170|4|P. MANTEIGA BOMPACK 0.28X7.5 MTS C/25|P. MANTEIGA BOMPACK 0.28X7.5 MTS C/25|1,00000|CX|58,00|0,00|1|000|1556|1556|58,00|17,00|9,86|0,00|0,00|0,00|0|00||58,00|5,00|2,90||||||||||||||
|C170|5|SACO DE LIXO BOMPACK 100LT FORTE|SACO DE LIXO BOMPACK 100LT FORTE|1,00000|FD|38,00|0,00|1|060|1556|1556|0,00|0,00|0,00|0,00|0,00|0,00|0|||0,00|0,00|0,00||||||||||||||
|C170|6|SACO DE LIXO BOMPACK 150LT|SACO DE LIXO BOMPACK 150LT|1,00000|CX|49,00|0,00|1|020|1556|1556|34,59|17,00|5,88|0,00|0,00|0,00|0|||0,00|0,00|0,00||||||||||||||
|C170|7|SACO DE LIXO BOMPACK 50LT|SACO DE LIXO BOMPACK 50LT|1,00000|UN|37,00|0,00|1|060|1556|1556|0,00|0,00|0,00|0,00|0,00|0,00|0|||0,00|0,00|0,00||||||||||||||
|C170|8|SACO LIXO 100X144 200LT 0.18 FD 10KG|SACO LIXO 100X144 200LT 0.18 FD 10KG|1,00000|FD|75,00|0,00|1|020|1556|1556|52,94|17,00|9,00|0,00|0,00|0,00|0|||0,00|0,00|0,00||||||||||||||
|C170|9|SACOLA EMBRASTE M 38X48 CAIXA C/ 1000|SACOLA EMBRASTE M 38X48 CAIXA C/ 1000|2,00000|CX|85,80|0,00|1|020|1556|1556|60,57|17,00|10,30|0,00|0,00|0,00|0|||0,00|0,00|0,00||||||||||||||
|C190|020|1556|17,00|346,54|244,63|41,59|0,00|0,00|101,91|0,00||
|C190|000|1556|17,00|58,00|58,00|9,86|0,00|0,00|0,00|2,90||
|C190|060|1556|0,00|154,50|0,00|0,00|0,00|0,00|0,00|0,00||
|C100|0|1|33009911028572|55|00|018|830993|42170633009911028572550180008309931175168364|12062017|13062017|7925,84|2|0,00|0,00|7681,96|0|0,00|0,00|0,00|7681,96|1920,49|8657,50|243,88|0,00|||||
|C110|3|PDV:2402979 / V613324 - JARAGUA DO SUL / C730543 Por TPV ORD: 00000260 PAGAMENTO: R$ 7925.84 REMESSA: 6809102011 ATENCAO CLIENTE: COM RELACAO AO CIGARR|
|C110|2|VAL. ICMS ST RETIDO ANT.: 243.88|
|C170|1|715|CIG. HOLLYWOOD ORIGINAL MACO|2,00000|UN|643,30|0,00|0|010|1102|1102|643,30|25,00|160,82|725,00|0,00|20,42|0|||0,00|0,00|0,00||||||||||||||
|C170|2|711|CIG. HILTON AUTHENTIC KS TL|1,20000|UN|372,67|0,00|0|010|1102|1102|372,67|25,00|93,17|420,00|0,00|11,83|0|||0,00|0,00|0,00||||||||||||||
|C170|3|7286|FREE MACO VERMELHO POLI|1,00000|UN|332,75|0,00|0|010|1102|1102|332,75|25,00|83,19|375,00|0,00|10,56|0|||0,00|0,00|0,00||||||||||||||
|C170|4|947|MINISTER SPECIAL MACO|10,00000|UN|2329,20|0,00|0|010|1102|1102|2329,20|25,00|582,30|2625,00|0,00|73,95|0|||0,00|0,00|0,00||||||||||||||
|C170|5|6140|CIG. DUNHILL CARLTON BLEND|10,00000|UN|3660,20|0,00|0|010|1102|1102|3660,20|25,00|915,05|4125,00|0,00|116,20|0|||0,00|0,00|0,00||||||||||||||
|C170|6|7315|CIG. KENT VERDE BOX|1,00000|UN|343,84|0,00|0|010|1102|1102|343,84|25,00|85,96|387,50|0,00|10,92|0|||0,00|0,00|0,00||||||||||||||
|C190|010|1102|25,00|7925,84|7681,96|1920,49|8657,50|243,88|0,00|0,00||
|C100|0|1|61186888017592|55|00|001|8398|42170661186888017592550010000083981188714262|14062017|16062017|1318,20|2|0,00|0,00|1256,72|0|0,00|0,00|0,00|1151,97|195,82|1690,32|91,53|30,05|||||
|C110|3|OV: 1015175445  VL: 3015394228  VT: 0070497175  VF: 5015015912 SI.: 0007 - Contribuinte DocSAP: 9644791802  PED CLI:  DT. VENC 23.06.2017 PRAZO DIAS: 0|
|C110|2|VAL. ICMS ST RETIDO ANT.: 91.53|
|C170|1|1258|REFRI SPRITE 600ML|2,00000|UN|54,37|0,00|0|010|1102|1102|54,37|17,00|9,24|98,64|0,00|7,53|0|00||54,37|2,25|1,22||||||||||||||
|C170|2|424|COCA COLA 2 LT|5,00000|UN|194,37|0,00|0|010|1102|1102|194,37|17,00|33,04|252,00|0,00|9,80|0|00||194,37|3,00|5,83||||||||||||||
|C170|3|426|COCA COLA 600ML|10,00000|CX|303,14|0,00|0|010|1102|1102|303,14|17,00|51,53|508,80|0,00|34,96|0|00||303,14|3,00|9,09||||||||||||||
|C170|4|427|COCA COLA MINI 250 ML|5,00000|CX|89,36|0,00|0|010|1102|1102|89,36|17,00|15,19|105,60|0,00|2,76|0|00||89,36|3,00|2,68||||||||||||||
|C170|5|784|KUAT 250ML|3,00000|UN|55,51|0,00|0|010|1102|1102|55,51|17,00|9,44|58,68|0,00|0,54|0|00||55,51|1,50|0,83||||||||||||||
|C170|6|1200|SCHWEPPES CITRUS 350ML|6,00000|UN|67,57|0,00|0|010|1102|1102|67,57|17,00|11,49|106,92|0,00|6,69|0|00||67,57|2,25|1,52||||||||||||||
|C170|7|1257|SPRITE ORIGINAL LATA 350ML|8,00000|CX|85,62|0,00|0|010|1102|1102|85,62|17,00|14,56|135,36|0,00|8,46|0|00||85,62|2,25|1,93||||||||||||||
|C170|8|786|KUAT GUARANA 350 ML|8,00000|UN|86,38|0,00|0|010|1102|1102|86,38|17,00|14,68|135,36|0,00|8,33|0|00||86,38|1,50|1,30||||||||||||||
|C170|9|425|COCA COLA 350ML LATA|5,00000|UN|105,61|0,00|0|010|1102|1102|105,61|17,00|17,95|171,60|0,00|11,22|0|00||105,61|3,00|3,17||||||||||||||
|C170|10|588|FANTA LARANJA 250ML|3,00000|CX|55,02|0,00|0|010|1102|1102|55,02|17,00|9,35|58,68|0,00|0,62|0|00||55,02|2,25|1,24||||||||||||||
|C170|11|1259|SPRITE MINI 250ML|3,00000|CX|55,02|0,00|0|010|1102|1102|55,02|17,00|9,35|58,68|0,00|0,62|0|00||55,02|2,25|1,24||||||||||||||
|C170|12|499|DELVALLE GOIABA 335 ML|1,00000|CX|14,94|0,00|0|060|1102|1102|0,00|0,00|0,00|0,00|0,00|0,00|0|||0,00|0,00|0,00||||||||||||||
|C170|13|502|DELVALLE PESSEGO 335ML|1,00000|CX|14,94|0,00|0|060|1102|1102|0,00|0,00|0,00|0,00|0,00|0,00|0|||0,00|0,00|0,00||||||||||||||
|C170|14|505|DELVALLE+MANGA 335 ML|1,00000|UN|14,94|0,00|0|060|1102|1102|0,00|0,00|0,00|0,00|0,00|0,00|0|||0,00|0,00|0,00||||||||||||||
|C170|15|503|DELVALLE UVA 335 ML|1,00000|CX|14,94|0,00|0|060|1102|1102|0,00|0,00|0,00|0,00|0,00|0,00|0|||0,00|0,00|0,00||||||||||||||
|C170|16|493|DEL VALLE MAIS MARACUJA 335ML|1,00000|CX|14,94|0,00|0|060|1102|1102|0,00|0,00|0,00|0,00|0,00|0,00|0|||0,00|0,00|0,00||||||||||||||
|C190|010|1102|17,00|1243,50|1151,97|195,82|1690,32|91,53|0,00|30,05||
|C190|060|1102|0,00|74,70|0,00|0,00|0,00|0,00|0,00|0,00||
|C100|0|1|03558968000126|55|00|001|841401|42170603558968000126550010008414011086059330|21062017|23062017|187,04|2|0,00|0,00|187,04|0|0,00|0,00|0,00|162,40|27,61|0,00|0,00|0,00|||||
|C110|3|ICMS RETIDO ANTERIORMENTE POR SUBSTITUICAO TRIBUTARIA Vl.Base ST=21,52 Vl.ICMS S Pedido: 1364047  Vendedor: 837-RINALDO FERREIRA JUNIOR-(47)8802-8343 M|
|C170|1|6933|FRUITTELLA 41G GELATO FRUTAS VERMELHAS|2,00000|UN|36,44|0,00|0|000|1102|1102|36,44|17,00|6,19|0,00|0,00|0,00|0|||0,00|0,00|0,00||||||||||||||
|C170|2|630|FRUITTELLA 45G MORANGO/CR.LEIT|2,00000|UN|37,04|0,00|0|500|1102|1102|37,04|17,00|6,30|0,00|0,00|0,00|0|||0,00|0,00|0,00||||||||||||||
|C170|3|951|MMS MINI CHOCOLATE TUBO|1,00000|UN|24,64|0,00|0|060|1102|1102|0,00|0,00|0,00|0,00|0,00|0,00|0|||0,00|0,00|0,00||||||||||||||
|C170|4|6934|MENTOS PURE FRESH 3 STRONG MINT|2,00000|UN|29,64|0,00|0|200|1102|1102|29,64|17,00|5,04|0,00|0,00|0,00|0|||0,00|0,00|0,00||||||||||||||
|C170|5|891|MENTOS PURE FRESH 8.5G SPEARMI|2,00000|UN|29,64|0,00|0|200|1102|1102|29,64|17,00|5,04|0,00|0,00|0,00|0|||0,00|0,00|0,00||||||||||||||
|C170|6|3973|MENTOS 3 PURE FRUIT MELANCIA|2,00000|UN|29,64|0,00|0|200|1102|1102|29,64|17,00|5,04|0,00|0,00|0,00|0|||0,00|0,00|0,00||||||||||||||
|C190|000|1102|17,00|36,44|36,44|6,19|0,00|0,00|0,00|0,00||
|C190|200|1102|17,00|88,92|88,92|15,12|0,00|0,00|0,00|0,00||
|C190|060|1102|0,00|24,64|0,00|0,00|0,00|0,00|0,00|0,00||
|C190|500|1102|17,00|37,04|37,04|6,30|0,00|0,00|0,00|0,00||
|C100|0|1|33009911028572|55|00|018|844386|42170633009911028572550180008443861177771976|20062017|21062017|6007,91|2|0,00|0,00|5823,01|0|0,00|0,00|0,00|5823,01|1455,76|6562,50|184,90|0,00|||||
|C110|3|PDV:2402979 / V613324 - JARAGUA DO SUL / C730543 Por TPV ORD: 00000260 PAGAMENTO: R$ 6007.91 REMESSA: 6809346440 ATENCAO CLIENTE: COM RELACAO AO CIGARR|
|C110|2|VAL. ICMS ST RETIDO ANT.: 184.9|
|C170|1|715|CIG. HOLLYWOOD ORIGINAL MACO|1,00000|UN|321,65|0,00|0|010|1102|1102|321,65|25,00|80,41|362,50|0,00|10,22|0|||0,00|0,00|0,00||||||||||||||
|C170|2|534|CIG. DUNHILL NANOCUT MASTER BLEND|0,60000|UN|219,61|0,00|0|010|1102|1102|219,61|25,00|54,90|247,50|0,00|6,98|0|||0,00|0,00|0,00||||||||||||||
|C170|3|714|CIG. HOLLYWOOD MINT BOX|1,20000|UN|385,98|0,00|0|010|1102|1102|385,98|25,00|96,50|435,00|0,00|12,25|0|||0,00|0,00|0,00||||||||||||||
|C170|4|711|CIG. HILTON AUTHENTIC KS TL|2,00000|UN|621,12|0,00|0|010|1102|1102|621,12|25,00|155,28|700,00|0,00|19,72|0|||0,00|0,00|0,00||||||||||||||
|C170|5|712|CIG. HILTON LONGO MACO|2,00000|UN|621,12|0,00|0|010|1102|1102|621,12|25,00|155,28|700,00|0,00|19,72|0|||0,00|0,00|0,00||||||||||||||
|C170|6|7302|FREE BOX AZUL POLI|0,60000|UN|206,30|0,00|0|010|1102|1102|206,30|25,00|51,58|232,50|0,00|6,55|0|||0,00|0,00|0,00||||||||||||||
|C170|7|947|MINISTER SPECIAL MACO|4,00000|UN|931,68|0,00|0|010|1102|1102|931,68|25,00|232,92|1050,00|0,00|29,58|0|||0,00|0,00|0,00||||||||||||||
|C170|8|5241|NOVO MINISTER SPECIAL KS HL HW|1,00000|UN|232,92|0,00|0|010|1102|1102|232,92|25,00|58,23|262,50|0,00|7,40|0|||0,00|0,00|0,00||||||||||||||
|C170|9|6140|CIG. DUNHILL CARLTON BLEND|5,00000|UN|1830,10|0,00|0|010|1102|1102|1830,10|25,00|457,53|2062,50|0,00|58,10|0|||0,00|0,00|0,00||||||||||||||
|C170|10|6595|CIG. DUNHILL DOUBLE|0,60000|UN|232,92|0,00|0|010|1102|1102|232,92|25,00|58,23|262,50|0,00|7,40|0|||0,00|0,00|0,00||||||||||||||
|C170|11|529|CIG. DUNHILL BLUE BLEND|0,60000|UN|219,61|0,00|0|010|1102|1102|219,61|25,00|54,90|247,50|0,00|6,98|0|||0,00|0,00|0,00||||||||||||||
|C190|010|1102|25,00|6007,91|5823,01|1455,76|6562,50|184,90|0,00|0,00||
|C100|0|1|33009911028572|55|00|018|855550|42170633009911028572550180008555501180144860|27062017|28062017|5099,25|2|0,00|0,00|4942,36|0|0,00|0,00|0,00|4942,36|1235,62|5570,00|156,89|0,00|||||
|C110|3|PDV:2402979 / V613324 - JARAGUA DO SUL / C730543 Por TPV ORD: 00000260 PAGAMENTO: R$ 5099.25 REMESSA: 6809566982 ATENCAO CLIENTE: COM RELACAO AO CIGARR|
|C110|2|VAL. ICMS ST RETIDO ANT.: 156.89|
|C170|1|507|CIG. DERBY PRATA MACO|1,00000|UN|310,56|0,00|0|010|1102|1102|310,56|25,00|77,64|350,00|0,00|9,86|0|||0,00|0,00|0,00||||||||||||||
|C170|2|833|CIG. LUCKY STRIKE RED KS CL|0,40000|UN|128,66|0,00|0|010|1102|1102|128,66|25,00|32,17|145,00|0,00|4,08|0|||0,00|0,00|0,00||||||||||||||
|C170|3|711|CIG. HILTON AUTHENTIC KS TL|1,00000|UN|310,56|0,00|0|010|1102|1102|310,56|25,00|77,64|350,00|0,00|9,86|0|||0,00|0,00|0,00||||||||||||||
|C170|4|712|CIG. HILTON LONGO MACO|1,00000|UN|310,56|0,00|0|010|1102|1102|310,56|25,00|77,64|350,00|0,00|9,86|0|||0,00|0,00|0,00||||||||||||||
|C170|5|7303|FREE MACO AZUL POLI|1,00000|UN|332,75|0,00|0|010|1102|1102|332,75|25,00|83,19|375,00|0,00|10,56|0|||0,00|0,00|0,00||||||||||||||
|C170|6|7285|FREE BOX VERMELHO POLI|1,60000|UN|550,14|0,00|0|010|1102|1102|550,14|25,00|137,54|620,00|0,00|17,46|0|||0,00|0,00|0,00||||||||||||||
|C170|7|7286|FREE MACO VERMELHO POLI|1,00000|UN|332,75|0,00|0|010|1102|1102|332,75|25,00|83,19|375,00|0,00|10,56|0|||0,00|0,00|0,00||||||||||||||
|C170|8|7302|FREE BOX AZUL POLI|0,80000|UN|275,07|0,00|0|010|1102|1102|275,07|25,00|68,77|310,00|0,00|8,73|0|||0,00|0,00|0,00||||||||||||||
|C170|9|506|CIG. DERBY AZUL MACO|2,00000|UN|621,12|0,00|0|010|1102|1102|621,12|25,00|155,28|700,00|0,00|19,72|0|||0,00|0,00|0,00||||||||||||||
|C170|10|947|MINISTER SPECIAL MACO|5,00000|UN|1164,60|0,00|0|010|1102|1102|1164,60|25,00|291,15|1312,50|0,00|36,98|0|||0,00|0,00|0,00||||||||||||||
|C170|11|6595|CIG. DUNHILL DOUBLE|0,40000|UN|155,28|0,00|0|010|1102|1102|155,28|25,00|38,82|175,00|0,00|4,93|0|||0,00|0,00|0,00||||||||||||||
|C170|12|831|CIG. LUCKY STRIKE CLICK&ROLL AZUL|0,40000|UN|128,66|0,00|0|010|1102|1102|128,66|25,00|32,17|145,00|0,00|4,08|0|||0,00|0,00|0,00||||||||||||||
|C170|13|832|CIG. LUCKY STRIKE FRESH CLICK ROLL|0,60000|UN|192,99|0,00|0|010|1102|1102|192,99|25,00|48,25|217,50|0,00|6,13|0|||0,00|0,00|0,00||||||||||||||
|C170|14|830|CIG. LUCKY STRIKE BLUE KS CL|0,40000|UN|128,66|0,00|0|010|1102|1102|128,66|25,00|32,17|145,00|0,00|4,08|0|||0,00|0,00|0,00||||||||||||||
|C190|010|1102|25,00|5099,25|4942,36|1235,62|5570,00|156,89|0,00|0,00||
|C100|0|1|81362634000196|55|00|005|859580|42170581362634000196550050008595801000573058|31052017|06062017|1524,43|2|0,00|0,00|1522,08|9|0,00|0,00|2,35|0,00|0,00|0,00|0,00|0,00|||||
|C170|1|1130|RED BULL 250 ML|4,00000|UN|484,80|0,00|0|060|1102|1102|0,00|0,00|0,00|0,00|0,00|0,00|0|||0,00|0,00|0,00||||||||||||||
|C170|2|1135|RED BULL SUGARFREE|1,00000|UN|121,20|0,00|0|060|1102|1102|0,00|0,00|0,00|0,00|0,00|0,00|0|||0,00|0,00|0,00||||||||||||||
|C170|3|1725|RED BULL 355ML|2,00000|UN|319,20|0,00|0|060|1102|1102|0,00|0,00|0,00|0,00|0,00|0,00|0|||0,00|0,00|0,00||||||||||||||
|C170|4|1131|RED BULL 473 ML|6,00000|UN|596,88|0,00|0|060|1102|1102|0,00|0,00|0,00|0,00|0,00|0,00|0|||0,00|0,00|0,00||||||||||||||
|C190|060|1102|0,00|1524,43|0,00|0,00|0,00|0,00|0,00|0,00||
|C100|0|1|81362634000196|55|00|005|860225|42170681362634000196550050008602251000573480|02062017|06062017|194,76|2|0,00|0,00|192,41|9|0,00|0,00|2,35|0,00|0,00|0,00|0,00|0,00|||||
|C170|1|2295|CHO BAR LAC LAKA OREO 150 GR|1,00000|UN|62,40|0,00|0|060|1102|1102|0,00|0,00|0,00|0,00|0,00|0,00|0|||0,00|0,00|0,00||||||||||||||
|C170|2|2027|CHOC LACTA SHOT AMENDOIM 155G|1,00000|UN|62,40|0,00|0|060|1102|1102|0,00|0,00|0,00|0,00|0,00|0,00|0|||0,00|0,00|0,00||||||||||||||
|C170|3|1651|BIS LAKA 126G|3,00000|UN|51,89|0,00|0|060|1102|1102|0,00|0,00|0,00|0,00|0,00|0,00|0|||0,00|0,00|0,00||||||||||||||
|C170|4|247|BON GOUTER SUICO NABISCO|1,00000|UN|5,24|0,00|0|060|1102|1102|0,00|0,00|0,00|0,00|0,00|0,00|0|||0,00|0,00|0,00||||||||||||||
|C170|5|244|BON GOUTER PARMESAO NABISCO 10|1,00000|UN|5,24|0,00|0|060|1102|1102|0,00|0,00|0,00|0,00|0,00|0,00|0|||0,00|0,00|0,00||||||||||||||
|C170|6|246|BON GOUTER QUEIJO E TOMATE SEC|1,00000|UN|5,24|0,00|0|060|1102|1102|0,00|0,00|0,00|0,00|0,00|0,00|0|||0,00|0,00|0,00||||||||||||||
|C190|060|1102|0,00|194,76|0,00|0,00|0,00|0,00|0,00|0,00||
|C100|0|1|81362634000196|55|00|005|861957|42170681362634000196550050008619571000574636|09062017|13062017|274,14|2|0,00|0,00|271,79|0|0,00|0,00|2,35|0,00|0,00|0,00|0,00|0,00|||||
|C170|1|2295|CHO BAR LAC LAKA OREO 150 GR|1,00000|UN|62,30|0,00|0|060|1102|1102|0,00|0,00|0,00|0,00|0,00|0,00|0|||0,00|0,00|0,00||||||||||||||
|C170|2|2027|CHOC LACTA SHOT AMENDOIM 155G|1,00000|UN|62,30|0,00|0|060|1102|1102|0,00|0,00|0,00|0,00|0,00|0,00|0|||0,00|0,00|0,00||||||||||||||
|C170|3|2031|DIAMANTE NEGRO 150G|1,00000|UN|62,30|0,00|0|060|1102|1102|0,00|0,00|0,00|0,00|0,00|0,00|0|||0,00|0,00|0,00||||||||||||||
|C170|4|5195|BIS XTRA OREO45G|1,00000|UN|34,37|0,00|0|060|1102|1102|0,00|0,00|0,00|0,00|0,00|0,00|0|||0,00|0,00|0,00||||||||||||||
|C170|5|5289|CHOC. BIS XTRA 45G|1,00000|UN|34,37|0,00|0|060|1102|1102|0,00|0,00|0,00|0,00|0,00|0,00|0|||0,00|0,00|0,00||||||||||||||
|C170|6|5824|CUB SOCIAL SABOR PIZZA 141G|6,00000|UN|16,15|0,00|0|060|1102|1102|0,00|0,00|0,00|0,00|0,00|0,00|0|||0,00|0,00|0,00||||||||||||||
|C190|060|1102|0,00|274,14|0,00|0,00|0,00|0,00|0,00|0,00||
|C100|0|1|81362634000196|55|00|005|863620|42170681362634000196550050008636201000575740|16062017|19062017|57,88|2|2,31|0,00|60,15|0|0,00|0,00|2,35|0,00|0,00|0,00|0,00|0,00|||||
|C170|1|5420|CLUB SOCIAL INTEGRAL TRADICIONAL NOVO PESO 144G|3,00000|UN|8,10|2,31|0|060|1102|1102|0,00|0,00|0,00|0,00|0,00|0,00|0|||0,00|0,00|0,00||||||||||||||
|C170|2|2015|VARIEDADES LACTA CX 302GR|6,00000|UN|49,74|0,00|0|060|1102|1102|0,00|0,00|0,00|0,00|0,00|0,00|0|||0,00|0,00|0,00||||||||||||||
|C190|060|1102|0,00|57,88|0,00|0,00|0,00|0,00|0,00|0,00||
|C100|0|1|81362634000196|55|00|005|865309|42170681362634000196550050008653091000576874|23062017|28062017|516,45|2|0,00|0,00|514,10|0|0,00|0,00|2,35|0,00|0,00|0,00|0,00|0,00|||||
|C170|1|797|LAMEN GALINHA CAIPIRA|1,00000|UN|9,30|0,00|0|060|1102|1102|0,00|0,00|0,00|0,00|0,00|0,00|0|||0,00|0,00|0,00||||||||||||||
|C170|2|473|CUP NOODLES GALINHA CAIPIRA|1,00000|UN|7,68|0,00|0|060|1102|1102|0,00|0,00|0,00|0,00|0,00|0,00|0|||0,00|0,00|0,00||||||||||||||
|C170|3|470|CUP NOODLES CARNE|1,00000|UN|7,68|0,00|0|060|1102|1102|0,00|0,00|0,00|0,00|0,00|0,00|0|||0,00|0,00|0,00||||||||||||||
|C170|4|471|CUP NOODLES COSTELA CHUR|1,00000|UN|7,68|0,00|0|060|1102|1102|0,00|0,00|0,00|0,00|0,00|0,00|0|||0,00|0,00|0,00||||||||||||||
|C170|5|1130|RED BULL 250 ML|2,00000|UN|242,40|0,00|0|260|1102|1102|0,00|0,00|0,00|0,00|0,00|0,00|0|||0,00|0,00|0,00||||||||||||||
|C170|6|1133|RED BULL RED 250 ML|2,00000|UN|40,40|0,00|0|060|1102|1102|0,00|0,00|0,00|0,00|0,00|0,00|0|||0,00|0,00|0,00||||||||||||||
|C170|7|1131|RED BULL 473 ML|2,00000|UN|198,96|0,00|0|260|1102|1102|0,00|0,00|0,00|0,00|0,00|0,00|0|||0,00|0,00|0,00||||||||||||||
|C190|260|1102|0,00|443,37|0,00|0,00|0,00|0,00|0,00|0,00||
|C190|060|1102|0,00|73,08|0,00|0,00|0,00|0,00|0,00|0,00||
|C100|0|1|81362634000196|55|00|005|865494|42170681362634000196550050008654941000576994|23062017|28062017|350,81|2|0,00|0,00|348,46|0|0,00|0,00|2,35|9,28|1,58|0,00|0,00|0,00|||||
|C170|1|2295|CHO BAR LAC LAKA OREO 150 GR|1,00000|UN|62,30|0,00|0|060|1102|1102|0,00|0,00|0,00|0,00|0,00|0,00|0|||0,00|0,00|0,00||||||||||||||
|C170|2|2027|CHOC LACTA SHOT AMENDOIM 155G|1,00000|UN|62,30|0,00|0|060|1102|1102|0,00|0,00|0,00|0,00|0,00|0,00|0|||0,00|0,00|0,00||||||||||||||
|C170|3|1675|CHOC LACTA LAKA 150G|1,00000|UN|62,30|0,00|0|060|1102|1102|0,00|0,00|0,00|0,00|0,00|0,00|0|||0,00|0,00|0,00||||||||||||||
|C170|4|167|BARRA AO LEITE LACTA|1,00000|UN|62,30|0,00|0|060|1102|1102|0,00|0,00|0,00|0,00|0,00|0,00|0|||0,00|0,00|0,00||||||||||||||
|C170|5|1650|BIS AO LEITE LACTA 126G|3,00000|UN|51,89|0,00|0|060|1102|1102|0,00|0,00|0,00|0,00|0,00|0,00|0|||0,00|0,00|0,00||||||||||||||
|C170|6|1651|BIS LAKA 126G|2,00000|UN|34,60|0,00|0|060|1102|1102|0,00|0,00|0,00|0,00|0,00|0,00|0|||0,00|0,00|0,00||||||||||||||
|C170|7|5498|SUCO TANG SABOR MARACUJA 25G|1,00000|UN|12,77|0,00|0|520|1102|1102|9,28|17,00|1,58|0,00|0,00|0,00|0|||0,00|0,00|0,00||||||||||||||
|C190|060|1102|0,00|337,95|0,00|0,00|0,00|0,00|0,00|0,00||
|C190|520|1102|17,00|12,86|9,28|1,58|0,00|0,00|3,49|0,00||
|C100|0|1|72482102000100|55|00|007|86816|42170672482102000100550070000868161000868163|07062017|07062017|646,39|2|0,00|0,00|646,39|9|0,00|0,00|0,00|12,51|2,13|0,00|0,00|0,00|||||
|C170|1|3149|ICE 51 BALADA 275ML|1,00000|UN|21,51|0,00|0|060|1102|1102|0,00|0,00|0,00|0,00|0,00|0,00|0|||0,00|0,00|0,00||||||||||||||
|C170|2|3144|BEB 51 ICE FRUTAS VERM.275ML|1,00000|UN|21,77|0,00|0|060|1102|1102|0,00|0,00|0,00|0,00|0,00|0,00|0|||0,00|0,00|0,00||||||||||||||
|C170|3|3146|ICE 51 LIMAO 275 ML|1,00000|UN|21,51|0,00|0|060|1102|1102|0,00|0,00|0,00|0,00|0,00|0,00|0|||0,00|0,00|0,00||||||||||||||
|C170|4|1428|VELHO BARREIRO 910ML|2,00000|UN|15,62|0,00|0|060|1102|1102|0,00|0,00|0,00|0,00|0,00|0,00|0|||0,00|0,00|0,00||||||||||||||
|C170|5|3086|SALG BILUZITOS BACON 210G|1,00000|UN|29,71|0,00|0|060|1102|1102|0,00|0,00|0,00|0,00|0,00|0,00|0|||0,00|0,00|0,00||||||||||||||
|C170|6|3085|SALG BILUZITOS 210G PIZZA|1,00000|UN|29,71|0,00|0|060|1102|1102|0,00|0,00|0,00|0,00|0,00|0,00|0|||0,00|0,00|0,00||||||||||||||
|C170|7|187|BATON BASTON 16 G|2,00000|UN|39,96|0,00|0|060|1102|1102|0,00|0,00|0,00|0,00|0,00|0,00|0|||0,00|0,00|0,00||||||||||||||
|C170|8|2406|COTONETE COTTONBABY 75UNIDADE|1,00000|CX|13,88|0,00|0|060|1102|1102|0,00|0,00|0,00|0,00|0,00|0,00|0|||0,00|0,00|0,00||||||||||||||
|C170|9|215|TORTINHAS CHOCOLATE 160G|10,00000|UN|21,10|0,00|0|060|1102|1102|0,00|0,00|0,00|0,00|0,00|0,00|0|||0,00|0,00|0,00||||||||||||||
|C170|10|1999|BOLINHO BAUDUCCO CHOCOLATE 40G|1,00000|UN|16,28|0,00|0|060|1102|1102|0,00|0,00|0,00|0,00|0,00|0,00|0|||0,00|0,00|0,00||||||||||||||
|C170|11|3800|BOLINHO BAUD BRIGADEIRO 40G|1,00000|UN|16,28|0,00|0|060|1102|1102|0,00|0,00|0,00|0,00|0,00|0,00|0|||0,00|0,00|0,00||||||||||||||
|C170|12|256|BONO CHOCOLATE 140G|10,00000|UN|24,50|0,00|0|060|1102|1102|0,00|0,00|0,00|0,00|0,00|0,00|0|||0,00|0,00|0,00||||||||||||||
|C170|13|968|NEGRESCO NESTLE 140G|10,00000|UN|24,80|0,00|0|060|1102|1102|0,00|0,00|0,00|0,00|0,00|0,00|0|||0,00|0,00|0,00||||||||||||||
|C170|14|995|PACOQUITA SANTA HELENA 22G|2,00000|UN|36,92|0,00|0|060|1102|1102|0,00|0,00|0,00|0,00|0,00|0,00|0|||0,00|0,00|0,00||||||||||||||
|C170|15|1025|PALITOS GINA 100UNIDADES|1,00000|CX|12,51|0,00|0|000|1102|1102|12,51|17,00|2,13|0,00|0,00|0,00|0|||0,00|0,00|0,00||||||||||||||
|C170|16|5557|PIPOTECA 110G|1,00000|UN|12,75|0,00|0|060|1102|1102|0,00|0,00|0,00|0,00|0,00|0,00|0|||0,00|0,00|0,00||||||||||||||
|C170|17|2028|PRESERVATIVO PRUDENCE C/3 TRADICIONAL|1,00000|UN|23,39|0,00|0|041|1102|1102|0,00|0,00|0,00|0,00|0,00|0,00|0|||0,00|0,00|0,00||||||||||||||
|C170|18|2126|TRAKINAS CHOCOLATE 143G|12,00000|UN|26,76|0,00|0|060|1102|1102|0,00|0,00|0,00|0,00|0,00|0,00|0|||0,00|0,00|0,00||||||||||||||
|C170|19|2676|FRANBOESA SERRA P 1LT|1,00000|UN|70,18|0,00|0|060|1102|1102|0,00|0,00|0,00|0,00|0,00|0,00|0|||0,00|0,00|0,00||||||||||||||
|C170|20|2238|LARANJINHA AGUA SERRA 1 LITRO|3,00000|UN|105,39|0,00|0|060|1102|1102|0,00|0,00|0,00|0,00|0,00|0,00|0|||0,00|0,00|0,00||||||||||||||
|C170|21|2240|AGUA DA SERRA LARANJINHA 250ML|2,00000|UN|32,12|0,00|0|060|1102|1102|0,00|0,00|0,00|0,00|0,00|0,00|0|||0,00|0,00|0,00||||||||||||||
|C170|22|5901|LUX TENTACAO FLORAL 85G|1,00000|CX|17,64|0,00|0|060|1102|1102|0,00|0,00|0,00|0,00|0,00|0,00|0|||0,00|0,00|0,00||||||||||||||
|C170|23|228|BISCOITO TUCS PIZZA 100G|10,00000|UN|12,10|0,00|0|060|1102|1102|0,00|0,00|0,00|0,00|0,00|0,00|0|||0,00|0,00|0,00||||||||||||||
|C190|000|1102|17,00|12,51|12,51|2,13|0,00|0,00|0,00|0,00||
|C190|041|1102|0,00|23,39|0,00|0,00|0,00|0,00|0,00|0,00||
|C190|060|1102|0,00|610,49|0,00|0,00|0,00|0,00|0,00|0,00||
|C100|0|1|72482102000100|55|00|007|86817|42170672482102000100550070000868171000868179|07062017|09062017|325,61|2|0,00|0,00|325,61|0|0,00|0,00|0,00|124,85|21,22|0,00|0,00|0,00|||||
|C110|3|*** CONFIRA AS MERCADORIAS NO ATO DA ENTREGA, NAO ACEITAMOS RECLAMACOES POSTERIORES ***\LP: 489216-11  R: 191868  V: 30  FP: BLOQUETO  Fantasia: POSTO|
|C170|1|4824|ACUCAR CARAVELAS 1K|1,00000|UN|27,39|0,00|0|060|1556|1556|0,00|0,00|0,00|0,00|0,00|0,00|0|||0,00|0,00|0,00||||||||||||||
|C170|2|3071|CAFE CABOCLO VACUO 500G|12,00000|UN|121,32|0,00|0|060|1556|1556|0,00|0,00|0,00|0,00|0,00|0,00|0|||0,00|0,00|0,00||||||||||||||
|C170|3|5 CAT CHUP *D AJUDA SACHE 192X7GR|5 CAT CHUP *D AJUDA SACHE 192X7GR|5,00000|CX|46,05|0,00|1|020|1556|1556|32,50|17,00|5,53|0,00|0,00|0,00|0|||0,00|0,00|0,00||||||||||||||
|C170|4|MOLHO VERDE|MOLHO VERDE|5,00000|CX|46,05|0,00|1|060|1556|1556|32,51|0,00|5,53|0,00|0,00|0,00|0|||0,00|0,00|0,00||||||||||||||
|C170|5|3385|FOOD SACHE CAT UP DAJUDA|3,00000|CX|38,22|0,00|1|020|1556|1556|26,97|17,00|4,58|0,00|0,00|0,00|0|||0,00|0,00|0,00||||||||||||||
|C170|6|3385|FOOD SACHE CAT UP DAJUDA|2,00000|CX|20,46|0,00|1|020|1556|1556|14,44|17,00|2,45|0,00|0,00|0,00|0|||0,00|0,00|0,00||||||||||||||
|C170|7|1 POTE PPLAST RETANGULAR C/TAMPA P10**F 1X100UN|1 POTE PPLAST RETANGULAR C/TAMPA P10**F 1X100UN|1,00000|UN|26,12|0,00|1|020|1556|1556|18,43|17,00|3,13|0,00|0,00|0,00|0|||0,00|0,00|0,00||||||||||||||
|C190|020|1556|17,00|130,85|92,34|15,69|0,00|0,00|38,51|0,00||
|C190|060|1556|0,00|194,76|32,51|5,53|0,00|0,00|0,00|0,00||
|C100|0|1|93209765030024|55|00|010|87519|42170693209765030024550100000875191334280558|01062017|01062017|232,80|2|0,00|0,00|232,80|9|0,00|0,00|0,00|0,00|0,00|0,00|0,00|0,00|||||
|C110|3|60-ICMS ST RETIDO ANTERIORMENTE CFE. ANEXO 3, TIT II, CAP I, SE 199 195 O I, ART 11 cdpartorig 0129748340001,|
|C170|1|7376|GUARANA SARANDI 340ML|240,00000|UN|232,80|0,00|0|060|1102|1102|0,00|0,00|0,00|0,00|0,00|0,00|0|||0,00|0,00|0,00||||||||||||||
|C190|060|1102|0,00|232,80|0,00|0,00|0,00|0,00|0,00|0,00||
|C100|0|1|93209765030024|55|00|010|87796|42170693209765030024550100000877961823057835|12062017|12062017|231,81|2|0,00|0,00|231,81|9|0,00|0,00|0,00|0,00|0,00|0,00|0,00|0,00|||||
|C170|1|7376|GUARANA SARANDI 340ML|233,00000|UN|231,81|0,00|0|060|1102|1102|0,00|0,00|0,00|0,00|0,00|0,00|0|||0,00|0,00|0,00||||||||||||||
|C190|060|1102|0,00|231,81|0,00|0,00|0,00|0,00|0,00|0,00||
|C100|0|1|93209765030024|55|00|010|87941|42170693209765030024550100000879411294001478|21062017|21062017|232,80|2|0,00|0,00|232,80|9|0,00|0,00|0,00|0,00|0,00|0,00|0,00|0,00|||||
|C110|3|60-ICMS ST RETIDO ANTERIORMENTE CFE. ANEXO 3, TIT II, CAP I, SE 199 195 O I, ART 11 cdpartorig 0129748340001,|
|C170|1|7376|GUARANA SARANDI 340ML|240,00000|UN|232,80|0,00|0|060|1102|1102|0,00|0,00|0,00|0,00|0,00|0,00|0|||0,00|0,00|0,00||||||||||||||
|C190|060|1102|0,00|232,80|0,00|0,00|0,00|0,00|0,00|0,00||
|C100|0|1|93209765030024|55|00|010|88060|42170693209765030024550100000880601577426616|28062017|29062017|498,72|2|0,00|0,00|498,72|9|0,00|0,00|0,00|0,00|0,00|0,00|0,00|0,00|||||
|C110|3|60-ICMS ST RETIDO ANTERIORMENTE CFE. ANEXO 3, TIT II, CAP I, SE 199 195 O I, ART 11 cdpartorig 0129748340001,|
|C170|1|7699|SARANDI LARANJA 340ML|480,00000|UN|465,60|0,00|0|060|1102|1102|0,00|0,00|0,00|0,00|0,00|0,00|0|||0,00|0,00|0,00||||||||||||||
|C170|2|680|H2O LIMONETO|48,00000|UN|33,12|0,00|0|060|1102|1102|0,00|0,00|0,00|0,00|0,00|0,00|0|||0,00|0,00|0,00||||||||||||||
|C190|060|1102|0,00|498,72|0,00|0,00|0,00|0,00|0,00|0,00||
|C100|0|1|93209765030024|55|00|010|88097|42170693209765030024550100000880971762965986|30062017|30062017|252,20|2|0,00|0,00|252,20|9|0,00|0,00|0,00|0,00|0,00|0,00|0,00|0,00|||||
|C110|3|60-ICMS ST RETIDO ANTERIORMENTE CFE. ANEXO 3, TIT II, CAP I, SE 199 195 O I, ART 11 cdpartorig 0129748340001,|
|C170|1|P-HIG TOM FS 30M C/4|P-HIG TOM FS 30M C/4|20,00000|UN|29,00|0,00|1|060|1556|1556|0,00|0,00|0,00|0,00|0,00|0,00|0|||0,00|0,00|0,00||||||||||||||
|C170|2|SABON MARAN SVE PESS 90G|SABON MARAN SVE PESS 90G|36,00000|UN|20,88|0,00|1|060|1556|1556|0,00|0,00|0,00|0,00|0,00|0,00|0|||0,00|0,00|0,00||||||||||||||
|C170|3|SABON MARAN SVE PESS 108X90G|SABON MARAN SVE PESS 108X90G|1,00000|UN|62,64|0,00|1|060|1556|1556|0,00|0,00|0,00|0,00|0,00|0,00|0|||0,00|0,00|0,00||||||||||||||
|C170|4|CR DT ICE FRESH DT BCO 144X90G|CR DT ICE FRESH DT BCO 144X90G|1,00000|UN|139,68|0,00|1|060|1556|1556|0,00|0,00|0,00|0,00|0,00|0,00|0|||0,00|0,00|0,00||||||||||||||
|C190|060|1556|0,00|252,20|0,00|0,00|0,00|0,00|0,00|0,00||
|C100|0|1|72482102000100|55|00|007|89243|42170672482102000100550070000892431000892437|13062017|14062017|874,54|2|0,00|0,00|874,54|0|0,00|0,00|0,00|0,00|0,00|0,00|0,00|0,00|||||
|C110|3|*** CONFIRA AS MERCADORIAS NO ATO DA ENTREGA, NAO ACEITAMOS RECLAMACOES POSTERIORES ***\LP: 492071-11  R: 191988  V: 30  FP: BLOQUETO  Fantasia: POSTO|
|C170|1|445|CONHAQUE DREHER 900 ML|2,00000|UN|22,44|0,00|0|060|1102|1102|0,00|0,00|0,00|0,00|0,00|0,00|0|||0,00|0,00|0,00||||||||||||||
|C170|2|3014|ENERGETICO BALY ENERGY DRI 1L|1,00000|UN|36,71|0,00|0|060|1102|1102|0,00|0,00|0,00|0,00|0,00|0,00|0|||0,00|0,00|0,00||||||||||||||
|C170|3|6371|RED HORSE POWER DRINK 2,1L|2,00000|UN|85,30|0,00|0|060|1102|1102|0,00|0,00|0,00|0,00|0,00|0,00|0|||0,00|0,00|0,00||||||||||||||
|C170|4|3086|SALG BILUZITOS BACON 210G|2,00000|UN|59,42|0,00|0|060|1102|1102|0,00|0,00|0,00|0,00|0,00|0,00|0|||0,00|0,00|0,00||||||||||||||
|C170|5|1558|ACHOC PRONTO CHOCO LEITE 500ML|2,00000|UN|86,14|0,00|0|060|1102|1102|0,00|0,00|0,00|0,00|0,00|0,00|0|||0,00|0,00|0,00||||||||||||||
|C170|6|187|BATON BASTON 16 G|4,00000|UN|79,92|0,00|0|060|1102|1102|0,00|0,00|0,00|0,00|0,00|0,00|0|||0,00|0,00|0,00||||||||||||||
|C170|7|215|TORTINHAS CHOCOLATE 160G|12,00000|UN|25,32|0,00|0|060|1102|1102|0,00|0,00|0,00|0,00|0,00|0,00|0|||0,00|0,00|0,00||||||||||||||
|C170|8|3941|TORTINHAS CHOCOLATE AVELA 160G|10,00000|PC|21,10|0,00|0|060|1102|1102|0,00|0,00|0,00|0,00|0,00|0,00|0|||0,00|0,00|0,00||||||||||||||
|C170|9|1372|TORTINHAS MORANGO|10,00000|PC|20,80|0,00|0|060|1102|1102|0,00|0,00|0,00|0,00|0,00|0,00|0|||0,00|0,00|0,00||||||||||||||
|C170|10|7238|M&M'S AMENDOIM 200G|5,00000|UN|45,30|0,00|0|060|1102|1102|0,00|0,00|0,00|0,00|0,00|0,00|0|||0,00|0,00|0,00||||||||||||||
|C170|11|7237|M&M'S CHOCOLATE 200G|5,00000|UN|45,30|0,00|0|060|1102|1102|0,00|0,00|0,00|0,00|0,00|0,00|0|||0,00|0,00|0,00||||||||||||||
|C170|12|256|BONO CHOCOLATE 140G|12,00000|UN|29,40|0,00|0|060|1102|1102|0,00|0,00|0,00|0,00|0,00|0,00|0|||0,00|0,00|0,00||||||||||||||
|C170|13|258|BONO MORANGO 140G|12,00000|UN|29,76|0,00|0|060|1102|1102|0,00|0,00|0,00|0,00|0,00|0,00|0|||0,00|0,00|0,00||||||||||||||
|C170|14|968|NEGRESCO NESTLE 140G|15,00000|UN|33,45|0,00|0|060|1102|1102|0,00|0,00|0,00|0,00|0,00|0,00|0|||0,00|0,00|0,00||||||||||||||
|C170|15|5558|PIPOTECA - CEBOLA 110G|1,00000|UN|12,75|0,00|0|060|1102|1102|0,00|0,00|0,00|0,00|0,00|0,00|0|||0,00|0,00|0,00||||||||||||||
|C170|16|5557|PIPOTECA 110G|1,00000|UN|12,75|0,00|0|060|1102|1102|0,00|0,00|0,00|0,00|0,00|0,00|0|||0,00|0,00|0,00||||||||||||||
|C170|17|2676|FRANBOESA SERRA P 1LT|2,00000|UN|70,18|0,00|0|060|1102|1102|0,00|0,00|0,00|0,00|0,00|0,00|0|||0,00|0,00|0,00||||||||||||||
|C170|18|2238|LARANJINHA AGUA SERRA 1 LITRO|2,00000|UN|70,26|0,00|0|060|1102|1102|0,00|0,00|0,00|0,00|0,00|0,00|0|||0,00|0,00|0,00||||||||||||||
|C170|19|3076|AGUA DA SERRA FRAMBOESA 250ML|2,00000|UN|32,12|0,00|0|060|1102|1102|0,00|0,00|0,00|0,00|0,00|0,00|0|||0,00|0,00|0,00||||||||||||||
|C170|20|2240|AGUA DA SERRA LARANJINHA 250ML|2,00000|UN|32,12|0,00|0|060|1102|1102|0,00|0,00|0,00|0,00|0,00|0,00|0|||0,00|0,00|0,00||||||||||||||
|C170|21|230|BISCOITO TUCS TRADICIONAL|10,00000|UN|11,90|0,00|0|060|1102|1102|0,00|0,00|0,00|0,00|0,00|0,00|0|||0,00|0,00|0,00||||||||||||||
|C170|22|228|BISCOITO TUCS PIZZA 100G|10,00000|UN|12,10|0,00|0|060|1102|1102|0,00|0,00|0,00|0,00|0,00|0,00|0|||0,00|0,00|0,00||||||||||||||
|C190|060|1102|0,00|874,54|0,00|0,00|0,00|0,00|0,00|0,00||
|C100|0|1|72482102000100|55|00|007|89244|42170672482102000100550070000892441000892442|13062017|14062017|281,59|2|0,00|0,00|281,59|0|0,00|0,00|0,00|93,77|15,94|0,00|0,00|0,00|||||
|C110|3|*** CONFIRA AS MERCADORIAS NO ATO DA ENTREGA, NAO ACEITAMOS RECLAMACOES POSTERIORES ***\LP: 492072-11  R: 191988  V: 30  FP: BLOQUETO  Fantasia: POSTO|
|C170|1|4824|ACUCAR CARAVELAS 1K|1,00000|UN|27,39|0,00|0|060|1556|1556|0,00|0,00|0,00|0,00|0,00|0,00|0|||0,00|0,00|0,00||||||||||||||
|C170|2|3071|CAFE CABOCLO VACUO 500G|12,00000|UN|121,32|0,00|0|060|1556|1556|0,00|0,00|0,00|0,00|0,00|0,00|0|||0,00|0,00|0,00||||||||||||||
|C170|3|4 CAT CHUP *D AJUDA SACHE 192X7GR|4 CAT CHUP *D AJUDA SACHE 192X7GR|4,00000|CX|36,84|0,00|1|020|1556|1556|26,00|17,00|4,42|0,00|0,00|0,00|0|||0,00|0,00|0,00||||||||||||||
|C170|4|1423|USO E CONSUMO|2,00000|CX|23,98|0,00|0|060|1556|1556|16,92|0,00|2,88|0,00|0,00|0,00|0|||0,00|0,00|0,00||||||||||||||
|C170|5|3385|FOOD SACHE CAT UP DAJUDA|2,00000|CX|25,48|0,00|1|020|1556|1556|17,98|17,00|3,06|0,00|0,00|0,00|0|||0,00|0,00|0,00||||||||||||||
|C170|6|3385|FOOD SACHE CAT UP DAJUDA|2,00000|CX|20,46|0,00|1|020|1556|1556|14,44|17,00|2,45|0,00|0,00|0,00|0|||0,00|0,00|0,00||||||||||||||
|C170|7|1 POTE PPLAST RETANGULAR C/TAMPA P10**F 1X100UN|1 POTE PPLAST RETANGULAR C/TAMPA P10**F 1X100UN|1,00000|UN|26,12|0,00|1|020|1556|1556|18,43|17,00|3,13|0,00|0,00|0,00|0|||0,00|0,00|0,00||||||||||||||
|C190|020|1556|17,00|108,90|76,85|13,06|0,00|0,00|32,05|0,00||
|C190|060|1556|0,00|172,69|16,92|2,88|0,00|0,00|0,00|0,00||
|C100|0|1|56228356001960|55|00|020|901113|42170656228356001960550200009011131555386712|06062017|07062017|657,76|2|0,00|0,00|531,46|9|0,00|0,00|126,30|0,00|0,00|0,00|0,00|0,00|||||
|C170|1|5842|SKOL BEATS SECRET 313ML|1,00000|UN|43,26|0,00|0|060|1102|1102|0,00|0,00|0,00|0,00|0,00|0,00|0|||0,00|0,00|0,00||||||||||||||
|C170|2|1233|SKOL BEATS SENSES LONG NECK|1,00000|UN|43,26|0,00|0|060|1102|1102|0,00|0,00|0,00|0,00|0,00|0,00|0|||0,00|0,00|0,00||||||||||||||
|C170|3|281|CERV. BUDWEISER LONG NECK 343 ML - ERRO|3,00000|UN|162,82|0,00|0|060|1102|1102|0,00|0,00|0,00|0,00|0,00|0,00|0|||0,00|0,00|0,00||||||||||||||
|C170|4|4067|PEPSI TWIST 600ML|2,00000|UN|55,70|0,00|0|060|1102|1102|0,00|0,00|0,00|0,00|0,00|0,00|0|||0,00|0,00|0,00||||||||||||||
|C170|5|671|GUARANA ANTARTICA 600ML|4,00000|UN|112,11|0,00|0|060|1102|1102|0,00|0,00|0,00|0,00|0,00|0,00|0|||0,00|0,00|0,00||||||||||||||
|C170|6|2822|REFRI PEPSI TWIST 2L|2,00000|UN|56,81|0,00|0|060|1102|1102|0,00|0,00|0,00|0,00|0,00|0,00|0|||0,00|0,00|0,00||||||||||||||
|C170|7|670|GUARANA ANTARTICA 2LTS|2,00000|UN|57,50|0,00|0|060|1102|1102|0,00|0,00|0,00|0,00|0,00|0,00|0|||0,00|0,00|0,00||||||||||||||
|C190|060|1102|0,00|657,76|0,00|0,00|0,00|0,00|0,00|0,00||
|C100|0|1|56228356001960|55|00|020|903605|42170656228356001960550200009036051043942092|13062017|14062017|1018,66|2|0,00|0,00|911,52|0|0,00|0,00|10,87|888,25|203,10|1458,96|130,41|34,14|||||
|C110|3|V02V CLIENTE:926-4503-GRAND PAR MENEGA-COD. CORPORATIVO:0$VENDEDOR:144-THIAGO VILLALVA FLORENTINO-MAPA:141860-COND. PAGTO:127-BLOQUETO 7 DD S/AF$NUMERO|
|C110|2|VAL. ICMS ST RETIDO ANT.: 130.41|
|C170|1|7382|CERV. BRAHMA EXTRA LAGER LATA 350ML|2,00000|UN|39,15|0,00|0|010|1102|1102|39,63|25,00|9,91|86,16|0,00|11,63|0|00||39,15|4,50|1,78||||||||||||||
|C170|2|460|CERV. CORONA EXTRA 355ML|1,00000|UN|96,22|0,00|0|110|1102|1102|97,41|25,00|24,35|169,44|0,00|18,01|0|00||96,22|4,50|4,38||||||||||||||
|C170|3|672|GUARANA ANTARTICA BLACK 350ML|4,00000|UN|81,46|0,00|0|010|1102|1102|82,52|17,00|14,03|129,12|0,00|7,92|0|00||81,46|1,50|1,24||||||||||||||
|C170|4|281|CERV. BUDWEISER LONG NECK 343 ML - ERRO|2,00000|UN|108,54|0,00|0|510|1102|1102|109,88|25,00|27,47|218,88|0,00|27,25|0|00||108,54|4,50|4,95||||||||||||||
|C170|5|6963|PEPSI 237ML|2,00000|UN|16,84|0,00|0|010|1102|1102|17,04|17,00|2,90|30,96|0,00|2,37|0|00||16,84|3,00|0,51||||||||||||||
|C170|6|1753|PEPSI TWIST 350ML LATA|4,00000|UN|80,24|0,00|0|010|1102|1102|81,22|17,00|13,81|132,00|0,00|8,63|0|00||80,24|2,25|1,83||||||||||||||
|C170|7|260|CERV. BRAHMA CHOPP LATA 350 ML|10,00000|UN|188,87|0,00|0|010|1102|1102|191,20|25,00|47,80|290,40|0,00|24,80|0|00||188,87|4,50|8,60||||||||||||||
|C170|8|1232|CERV. SKOL 350 ML LATA|10,00000|UN|210,36|0,00|0|510|1102|1102|212,96|25,00|53,24|303,60|0,00|22,66|0|00||210,36|4,50|9,58||||||||||||||
|C170|9|4067|PEPSI TWIST 600ML|2,00000|UN|55,70|0,00|0|010|1102|1102|56,39|17,00|9,59|98,40|0,00|7,14|0|00||55,70|2,25|1,27||||||||||||||
|C190|110|1102|25,00|115,38|97,41|24,35|169,44|18,01|0,00|4,38||
|C190|010|1102|25,00|267,17|230,83|57,71|376,56|36,43|0,00|10,38||
|C190|010|1102|17,00|263,09|237,17|40,33|390,48|26,06|0,00|4,85||
|C190|510|1102|25,00|373,02|322,84|80,71|522,48|49,91|0,00|14,53||
|C100|0|1|56228356001960|55|00|020|903606|42170656228356001960550200009036061549314910|13062017|14062017|544,07|2|0,00|0,00|509,39|0|0,00|0,00|6,05|501,99|96,53|698,52|42,08|13,45|||||
|C110|3|V02V CLIENTE:926-4503-GRAND PAR MENEGA-COD. CORPORATIVO:0$VENDEDOR:144-THIAGO VILLALVA FLORENTINO-MAPA:141860-COND. PAGTO:127-BLOQUETO 7 DD S/AF$NUMERO|
|C110|2|VAL. ICMS ST RETIDO ANT.: 42.08|
|C170|1|671|GUARANA ANTARTICA 600ML|2,00000|UN|56,06|0,00|0|010|1102|1102|56,75|17,00|9,65|99,12|0,00|7,20|0|00||56,06|1,50|0,85||||||||||||||
|C170|2|2822|REFRI PEPSI TWIST 2L|4,00000|UN|113,60|0,00|0|510|1102|1102|114,97|17,00|19,54|127,92|0,00|2,20|0|00||113,60|2,25|2,59||||||||||||||
|C170|3|2842|GUARANA ANTARCTICA 237ML|2,00000|UN|16,61|0,00|0|010|1102|1102|16,82|17,00|2,86|33,60|0,00|2,85|0|00||16,61|1,50|0,25||||||||||||||
|C170|4|670|GUARANA ANTARTICA 2LTS|4,00000|UN|114,99|0,00|0|010|1102|1102|116,37|17,00|19,78|126,00|0,00|1,64|0|00||114,99|1,50|1,75||||||||||||||
|C170|5|71|CERV. ANTARTICA SUB ZERO LATA 350 ML|10,00000|UN|138,29|0,00|0|010|1102|1102|140,00|25,00|35,00|248,40|0,00|27,10|0|00||138,29|4,50|6,30||||||||||||||
|C170|6|2239|REFRI PEPSI COLA 2L|2,00000|UN|56,39|0,00|0|510|1102|1102|57,08|17,00|9,70|63,48|0,00|1,09|0|00||56,39|3,00|1,71||||||||||||||
|C190|010|1102|25,00|167,18|140,00|35,00|248,40|27,10|0,00|6,30||
|C190|010|1102|17,00|201,59|189,94|32,29|258,72|11,69|0,00|2,85||
|C190|510|1102|17,00|175,30|172,05|29,24|191,40|3,29|0,00|4,30||
|C100|0|1|56228356001960|55|00|020|906424|42170656228356001960550200009064241213163356|20062017|21062017|1042,47|2|0,00|0,00|942,93|0|0,00|0,00|11,15|917,35|211,38|1456,44|125,12|36,73|||||
|C110|3|V02V CLIENTE:926-4503-GRAND PAR MENEGA-COD. CORPORATIVO:0$VENDEDOR:144-THIAGO VILLALVA FLORENTINO-MAPA:142236-COND. PAGTO:127-BLOQUETO 7 DD S/AF$NUMERO|
|C110|2|VAL. ICMS ST RETIDO ANT.: 125.12|
|C170|1|460|CERV. CORONA EXTRA 355ML|1,00000|UN|96,22|0,00|0|110|1102|1102|97,41|25,00|24,35|169,44|0,00|18,01|0|00||96,22|4,50|4,38||||||||||||||
|C170|2|264|CERVEJA BRAHMA ZERO ALCOOL 350ML|3,00000|UN|63,35|0,00|0|010|1102|1102|64,13|17,00|10,90|102,60|0,00|6,54|0|00||63,35|4,50|2,89||||||||||||||
|C170|3|280|CERV. BUDWEISER LATA 350 ML|10,00000|UN|263,54|0,00|0|010|1102|1102|266,79|25,00|66,70|409,20|0,00|35,60|0|00||263,54|4,50|12,01||||||||||||||
|C170|4|6963|PEPSI 237ML|2,00000|UN|16,84|0,00|0|010|1102|1102|17,04|17,00|2,90|30,96|0,00|2,37|0|00||16,84|3,00|0,51||||||||||||||
|C170|5|1232|CERV. SKOL 350 ML LATA|6,00000|UN|126,21|0,00|0|510|1102|1102|127,77|25,00|31,94|182,16|0,00|13,60|0|00||126,21|4,50|5,75||||||||||||||
|C170|6|671|GUARANA ANTARTICA 600ML|3,00000|UN|84,08|0,00|0|010|1102|1102|85,11|17,00|14,47|148,68|0,00|10,81|0|00||84,08|1,50|1,28||||||||||||||
|C170|7|1265|CERV. STELLA LONG NECK 275ML|1,00000|UN|60,17|0,00|0|510|1102|1102|60,91|25,00|15,23|102,00|0,00|10,27|0|00||60,17|4,50|2,74||||||||||||||
|C170|8|670|GUARANA ANTARTICA 2LTS|2,00000|UN|57,50|0,00|0|010|1102|1102|58,19|17,00|9,89|63,00|0,00|0,82|0|00||57,50|1,50|0,87||||||||||||||
|C170|9|71|CERV. ANTARTICA SUB ZERO LATA 350 ML|10,00000|UN|138,29|0,00|0|010|1102|1102|140,00|25,00|35,00|248,40|0,00|27,10|0|00||138,29|4,50|6,30||||||||||||||
|C190|110|1102|25,00|115,37|97,41|24,35|169,44|18,01|0,00|4,38||
|C190|010|1102|25,00|469,72|406,79|101,70|657,60|62,70|0,00|18,31||
|C190|010|1102|17,00|244,93|224,47|38,16|345,24|20,54|0,00|5,55||
|C190|510|1102|25,00|212,45|188,68|47,17|284,16|23,87|0,00|8,49||
|C100|0|1|56228356001960|55|00|020|906425|42170656228356001960550200009064251421258043|20062017|21062017|126,64|2|0,00|0,00|115,78|0|0,00|0,00|1,37|112,93|23,66|169,80|13,71|4,22|||||
|C110|3|V02V CLIENTE:926-4503-GRAND PAR MENEGA-COD. CORPORATIVO:0$VENDEDOR:144-THIAGO VILLALVA FLORENTINO-MAPA:142236-COND. PAGTO:127-BLOQUETO 7 DD S/AF$NUMERO|
|C110|2|VAL. ICMS ST RETIDO ANT.: 13.71|
|C170|1|2239|REFRI PEPSI COLA 2L|2,00000|UN|56,39|0,00|0|510|1102|1102|57,08|17,00|9,70|63,48|0,00|1,09|0|00||56,39|3,00|1,71||||||||||||||
|C170|2|263|BRAHMA MALZBIER LONG NECK|1,00000|CX|55,17|0,00|0|010|1102|1102|55,85|25,00|13,96|106,32|0,00|12,62|0|00||55,17|4,50|2,51||||||||||||||
|C190|010|1102|25,00|68,44|55,85|13,96|106,32|12,62|0,00|2,51||
|C190|510|1102|17,00|58,20|57,08|9,70|63,48|1,09|0,00|1,71||
|C100|0|1|56228356001960|55|00|020|908758|42170656228356001960550200009087581299401378|23062017|24062017|137,13|2|0,00|0,00|113,50|0|0,00|0,00|1,33|109,88|27,47|218,88|27,25|4,95|||||
|C110|3|V02V CLIENTE:926-4503-GRAND PAR MENEGA-COD. CORPORATIVO:0$VENDEDOR:617-FRANCIELE RODRIGUES CENSI-MAPA:142508-COND. PAGTO:127-BLOQUETO 7 DD S/AF$NUMERO|
|C110|2|VAL. ICMS ST RETIDO ANT.: 27.25|
|C170|1|281|CERV. BUDWEISER LONG NECK 343 ML - ERRO|2,00000|UN|108,55|0,00|0|510|1102|1102|109,88|25,00|27,47|218,88|0,00|27,25|0|00||108,55|4,50|4,95||||||||||||||
|C190|510|1102|25,00|137,13|109,88|27,47|218,88|27,25|0,00|4,95||
|C100|0|1|72482102000100|55|00|007|92280|42170672482102000100550070000922801000922803|21062017|21062017|318,77|2|0,00|0,00|318,77|0|0,00|0,00|0,00|113,22|19,25|0,00|0,00|0,00|||||
|C110|3|*** CONFIRA AS MERCADORIAS NO ATO DA ENTREGA, NAO ACEITAMOS RECLAMACOES POSTERIORES ***\LP: 494552-11  R: 192109  V: 30  FP: BLOQUETO  Fantasia: POSTO|
|C170|1|4824|ACUCAR CARAVELAS 1K|1,00000|UN|27,73|0,00|0|060|1556|1556|0,00|0,00|0,00|0,00|0,00|0,00|0|||0,00|0,00|0,00||||||||||||||
|C170|2|3071|CAFE CABOCLO VACUO 500G|12,00000|UN|122,76|0,00|0|060|1556|1556|0,00|0,00|0,00|0,00|0,00|0,00|0|||0,00|0,00|0,00||||||||||||||
|C170|3|5 CAT CHUP *D AJUDA SACHE 192X7GR|5 CAT CHUP *D AJUDA SACHE 192X7GR|5,00000|CX|46,60|0,00|1|020|1556|1556|32,89|17,00|5,59|0,00|0,00|0,00|0|||0,00|0,00|0,00||||||||||||||
|C170|4|MAIONESE DJUDA SACHE|MAIONESE DJUDA SACHE|3,00000|CX|27,96|0,00|1|060|1556|1556|19,74|0,00|3,36|0,00|0,00|0,00|0|||0,00|0,00|0,00||||||||||||||
|C170|5|3 MOLHO DE PIMENTA *150 D AJUDA 1X150ML|3 MOLHO DE PIMENTA *150 D AJUDA 1X150ML|3,00000|UN|7,86|0,00|1|060|1556|1556|0,00|0,00|0,00|0,00|0,00|0,00|0|||0,00|0,00|0,00||||||||||||||
|C170|6|3385|FOOD SACHE CAT UP DAJUDA|3,00000|CX|38,70|0,00|1|020|1556|1556|27,31|17,00|4,64|0,00|0,00|0,00|0|||0,00|0,00|0,00||||||||||||||
|C170|7|3385|FOOD SACHE CAT UP DAJUDA|2,00000|CX|20,72|0,00|1|020|1556|1556|14,62|17,00|2,49|0,00|0,00|0,00|0|||0,00|0,00|0,00||||||||||||||
|C170|8|1 POTE PPLAST RETANGULAR C/TAMPA P10**F 1X100UN|1 POTE PPLAST RETANGULAR C/TAMPA P10**F 1X100UN|1,00000|UN|26,44|0,00|1|020|1556|1556|18,66|17,00|3,17|0,00|0,00|0,00|0|||0,00|0,00|0,00||||||||||||||
|C190|020|1556|17,00|132,46|93,48|15,89|0,00|0,00|38,98|0,00||
|C190|060|1556|0,00|186,31|19,74|3,36|0,00|0,00|0,00|0,00||
|C100|0|1|72482102000100|55|00|007|92281|42170672482102000100550070000922811000922819|21062017|21062017|724,99|2|0,00|0,00|724,99|0|0,00|0,00|0,00|0,00|0,00|0,00|0,00|0,00|||||
|C110|3|*** CONFIRA AS MERCADORIAS NO ATO DA ENTREGA, NAO ACEITAMOS RECLAMACOES POSTERIORES ***\LP: 494553-11  R: 192109  V: 30  FP: BLOQUETO  Fantasia: POSTO|
|C170|1|14|ABSORVENTE COTTONBABY|12,00000|UN|22,92|0,00|0|060|1102|1102|0,00|0,00|0,00|0,00|0,00|0,00|0|||0,00|0,00|0,00||||||||||||||
|C170|2|68|AMENDOIM JAPONES DORI 70G|1,00000|UN|30,20|0,00|0|060|1102|1102|0,00|0,00|0,00|0,00|0,00|0,00|0|||0,00|0,00|0,00||||||||||||||
|C170|3|658|GILLETTE PRESTOBARBA 3|1,00000|UN|34,99|0,00|0|060|1102|1102|0,00|0,00|0,00|0,00|0,00|0,00|0|||0,00|0,00|0,00||||||||||||||
|C170|4|3149|ICE 51 BALADA 275ML|2,00000|UN|43,02|0,00|0|060|1102|1102|0,00|0,00|0,00|0,00|0,00|0,00|0|||0,00|0,00|0,00||||||||||||||
|C170|5|3144|BEB 51 ICE FRUTAS VERM.275ML|2,00000|UN|43,54|0,00|0|060|1102|1102|0,00|0,00|0,00|0,00|0,00|0,00|0|||0,00|0,00|0,00||||||||||||||
|C170|6|3146|ICE 51 LIMAO 275 ML|2,00000|UN|43,02|0,00|0|060|1102|1102|0,00|0,00|0,00|0,00|0,00|0,00|0|||0,00|0,00|0,00||||||||||||||
|C170|7|6371|RED HORSE POWER DRINK 2,1L|2,00000|UN|85,30|0,00|0|060|1102|1102|0,00|0,00|0,00|0,00|0,00|0,00|0|||0,00|0,00|0,00||||||||||||||
|C170|8|1428|VELHO BARREIRO 910ML|2,00000|UN|15,62|0,00|0|060|1102|1102|0,00|0,00|0,00|0,00|0,00|0,00|0|||0,00|0,00|0,00||||||||||||||
|C170|9|2220|BEB VODKA NATASHA 1 LT|2,00000|UN|27,58|0,00|0|060|1102|1102|0,00|0,00|0,00|0,00|0,00|0,00|0|||0,00|0,00|0,00||||||||||||||
|C170|10|1188|SALG.PIC PREMIUM CEB/SALSA 50G|1,00000|CX|16,78|0,00|0|060|1102|1102|0,00|0,00|0,00|0,00|0,00|0,00|0|||0,00|0,00|0,00||||||||||||||
|C170|11|3103|SALG BILU PIC PREMIUM CHUR 50G|1,00000|UN|16,78|0,00|0|060|1102|1102|0,00|0,00|0,00|0,00|0,00|0,00|0|||0,00|0,00|0,00||||||||||||||
|C170|12|3086|SALG BILUZITOS BACON 210G|2,00000|UN|59,42|0,00|0|060|1102|1102|0,00|0,00|0,00|0,00|0,00|0,00|0|||0,00|0,00|0,00||||||||||||||
|C170|13|2407|CREME DENTAL SORRISO|1,00000|UN|26,99|0,00|0|060|1102|1102|0,00|0,00|0,00|0,00|0,00|0,00|0|||0,00|0,00|0,00||||||||||||||
|C170|14|5026|CURATIVO COTTOBABY|12,00000|UN|16,92|0,00|0|060|1102|1102|0,00|0,00|0,00|0,00|0,00|0,00|0|||0,00|0,00|0,00||||||||||||||
|C170|15|5253|ESCOVA MEDIA DENTIL|1,00000|UN|29,99|0,00|0|060|1102|1102|0,00|0,00|0,00|0,00|0,00|0,00|0|||0,00|0,00|0,00||||||||||||||
|C170|16|970|NESCAU 200ML|1,00000|UN|49,29|0,00|0|060|1102|1102|0,00|0,00|0,00|0,00|0,00|0,00|0|||0,00|0,00|0,00||||||||||||||
|C170|17|974|NESQUIK MORANGO 200ML|1,00000|UN|50,08|0,00|0|060|1102|1102|0,00|0,00|0,00|0,00|0,00|0,00|0|||0,00|0,00|0,00||||||||||||||
|C170|18|5558|PIPOTECA - CEBOLA 110G|1,00000|UN|12,75|0,00|0|060|1102|1102|0,00|0,00|0,00|0,00|0,00|0,00|0|||0,00|0,00|0,00||||||||||||||
|C170|19|2238|LARANJINHA AGUA SERRA 1 LITRO|2,00000|UN|70,26|0,00|0|060|1102|1102|0,00|0,00|0,00|0,00|0,00|0,00|0|||0,00|0,00|0,00||||||||||||||
|C170|20|5901|LUX TENTACAO FLORAL 85G|1,00000|CX|17,64|0,00|0|060|1102|1102|0,00|0,00|0,00|0,00|0,00|0,00|0|||0,00|0,00|0,00||||||||||||||
|C170|21|230|BISCOITO TUCS TRADICIONAL|10,00000|UN|11,90|0,00|0|060|1102|1102|0,00|0,00|0,00|0,00|0,00|0,00|0|||0,00|0,00|0,00||||||||||||||
|C190|060|1102|0,00|724,99|0,00|0,00|0,00|0,00|0,00|0,00||
|C100|0|1|13830165000132|55|00|002|923|42170613830165000132550020000009231111154612|14062017|15062017|45,30|2|0,00|0,00|45,30|0|0,00|0,00|0,00|0,00|0,00|0,00|0,00|0,00|||||
|C110|3|Numero Interno: 5.411;;Nome Fantasia: GRANDE PARADA MENEGATTI;;Documento emitido por ME ou EPP optante pelo Simples Nacional.;;Nao gera direito a credi|
|C170|1|6388|PAES DU PORTAL PAO DE HAMBURGUER 350G|2,00000|UN|6,00|0,00|0|060|1102|1102|0,00|0,00|0,00|0,00|0,00|0,00|0|||0,00|0,00|0,00||||||||||||||
|C170|2|6385|PAES DU PORTAL PAO DE SANDUICHE 550G|2,00000|UN|6,00|0,00|0|060|1102|1102|0,00|0,00|0,00|0,00|0,00|0,00|0|||0,00|0,00|0,00||||||||||||||
|C170|3|6382|PAES DU PORTAL PAO DE SANDUICHE INTEGRAL 550G|1,00000|UN|3,30|0,00|0|060|1102|1102|0,00|0,00|0,00|0,00|0,00|0,00|0|||0,00|0,00|0,00||||||||||||||
|C170|4|6381|PAES DU PORTAL PAO CASEIRO 550G|2,00000|UN|6,00|0,00|0|060|1102|1102|0,00|0,00|0,00|0,00|0,00|0,00|0|||0,00|0,00|0,00||||||||||||||
|C170|5|6375|PAES DU PORTAL PAO DE BATATA 550G|2,00000|UN|6,00|0,00|0|060|1102|1102|0,00|0,00|0,00|0,00|0,00|0,00|0|||0,00|0,00|0,00||||||||||||||
|C170|6|6378|PAES DU PORTAL PAO DE AIPIM 550G|2,00000|UN|6,00|0,00|0|060|1102|1102|0,00|0,00|0,00|0,00|0,00|0,00|0|||0,00|0,00|0,00||||||||||||||
|C170|7|6386|PAES DU PORTAL PAO MINUTO 450G|2,00000|UN|6,00|0,00|0|060|1102|1102|0,00|0,00|0,00|0,00|0,00|0,00|0|||0,00|0,00|0,00||||||||||||||
|C170|8|6387|PAES DU PORTAL PAO SOVADAO|2,00000|PC|6,00|0,00|0|060|1102|1102|0,00|0,00|0,00|0,00|0,00|0,00|0|||0,00|0,00|0,00||||||||||||||
|C190|060|1102|0,00|45,30|0,00|0,00|0,00|0,00|0,00|0,00||
|C100|0|1|24608414000166|01|00|001|927||06062017|07062017|304,00|2|0,00|0,00|304,00|9|0,00|0,00|0,00|0,00|0,00|0,00|0,00|0,00|||||
|C170|1|2129|SALGADOS DIVERSOS|65,00000|UN|123,50|0,00|0|060|1102|1102|0,00|0,00|0,00|0,00|0,00|0,00|0|||0,00|0,00|0,00||||||||||||||
|C170|2|2129|SALGADOS DIVERSOS|95,00000|UN|180,50|0,00|0|060|1102|1102|0,00|0,00|0,00|0,00|0,00|0,00|0|||0,00|0,00|0,00||||||||||||||
|C190|060|1102|0,00|304,00|0,00|0,00|0,00|0,00|0,00|0,00||
|C100|0|1|24608414000166|01|00|001|934||09062017|09062017|374,00|2|0,00|0,00|374,00|9|0,00|0,00|0,00|0,00|0,00|0,00|0,00|0,00|||||
|C170|1|2129|SALGADOS DIVERSOS|65,00000|UN|123,50|0,00|0|060|1102|1102|0,00|0,00|0,00|0,00|0,00|0,00|0|||0,00|0,00|0,00||||||||||||||
|C170|2|2129|SALGADOS DIVERSOS|95,00000|UN|180,50|0,00|0|060|1102|1102|0,00|0,00|0,00|0,00|0,00|0,00|0|||0,00|0,00|0,00||||||||||||||
|C170|3|5761|DOCE BRIGADEIRO / BEIJINHO UN|28,00000|UN|42,00|0,00|0|060|1102|1102|0,00|0,00|0,00|0,00|0,00|0,00|0|||0,00|0,00|0,00||||||||||||||
|C170|4|1930|SANDUICHE BAGUETE|2,00000|UN|7,00|0,00|0|060|1102|1102|0,00|0,00|0,00|0,00|0,00|0,00|0|||0,00|0,00|0,00||||||||||||||
|C170|5|2129|SALGADOS DIVERSOS|6,00000|UN|21,00|0,00|0|060|1102|1102|0,00|0,00|0,00|0,00|0,00|0,00|0|||0,00|0,00|0,00||||||||||||||
|C190|060|1102|0,00|374,00|0,00|0,00|0,00|0,00|0,00|0,00||
|C100|0|1|24608414000166|01|00|001|935||10062017|12062017|304,00|2|0,00|0,00|304,00|9|0,00|0,00|0,00|0,00|0,00|0,00|0,00|0,00|||||
|C170|1|2129|SALGADOS DIVERSOS|160,00000|UN|304,00|0,00|0|060|1102|1102|0,00|0,00|0,00|0,00|0,00|0,00|0|||0,00|0,00|0,00||||||||||||||
|C190|060|1102|0,00|304,00|0,00|0,00|0,00|0,00|0,00|0,00||
|C100|0|1|13830165000132|55|00|002|938|42170613830165000132550020000009381435081885|21062017|22062017|45,60|2|0,00|0,00|45,60|0|0,00|0,00|0,00|0,00|0,00|0,00|0,00|0,00|||||
|C110|3|Numero Interno: 5.450;;Nome Fantasia: GRANDE PARADA MENEGATTI;;Documento emitido por ME ou EPP optante pelo Simples Nacional.;;Nao gera direito a credi|
|C170|1|6388|PAES DU PORTAL PAO DE HAMBURGUER 350G|2,00000|UN|6,00|0,00|0|060|1102|1102|0,00|0,00|0,00|0,00|0,00|0,00|0|||0,00|0,00|0,00||||||||||||||
|C170|2|6385|PAES DU PORTAL PAO DE SANDUICHE 550G|2,00000|UN|6,00|0,00|0|060|1102|1102|0,00|0,00|0,00|0,00|0,00|0,00|0|||0,00|0,00|0,00||||||||||||||
|C170|3|6381|PAES DU PORTAL PAO CASEIRO 550G|1,00000|UN|3,00|0,00|0|060|1102|1102|0,00|0,00|0,00|0,00|0,00|0,00|0|||0,00|0,00|0,00||||||||||||||
|C170|4|6375|PAES DU PORTAL PAO DE BATATA 550G|1,00000|UN|3,00|0,00|0|060|1102|1102|0,00|0,00|0,00|0,00|0,00|0,00|0|||0,00|0,00|0,00||||||||||||||
|C170|5|6383|PAES DU PORTAL PAO  DE LEITE 450G|2,00000|UN|6,00|0,00|0|060|1102|1102|0,00|0,00|0,00|0,00|0,00|0,00|0|||0,00|0,00|0,00||||||||||||||
|C170|6|6384|PAES DU PORTAL PAO DE CACHORRO QUENTE 350G|1,00000|UN|3,00|0,00|0|060|1102|1102|0,00|0,00|0,00|0,00|0,00|0,00|0|||0,00|0,00|0,00||||||||||||||
|C170|7|6386|PAES DU PORTAL PAO MINUTO 450G|2,00000|UN|6,00|0,00|0|060|1102|1102|0,00|0,00|0,00|0,00|0,00|0,00|0|||0,00|0,00|0,00||||||||||||||
|C170|8|6380|PAES DU PORTAL PAO INTEGRAL 450G|2,00000|UN|6,60|0,00|0|060|1102|1102|0,00|0,00|0,00|0,00|0,00|0,00|0|||0,00|0,00|0,00||||||||||||||
|C170|9|6387|PAES DU PORTAL PAO SOVADAO|2,00000|PC|6,00|0,00|0|060|1102|1102|0,00|0,00|0,00|0,00|0,00|0,00|0|||0,00|0,00|0,00||||||||||||||
|C190|060|1102|0,00|45,60|0,00|0,00|0,00|0,00|0,00|0,00||
|C100|0|1|24608414000166|01|00|001|938||11062017|12062017|304,00|2|0,00|0,00|304,00|9|0,00|0,00|0,00|0,00|0,00|0,00|0,00|0,00|||||
|C170|1|2129|SALGADOS DIVERSOS|160,00000|UN|304,00|0,00|0|060|1102|1102|0,00|0,00|0,00|0,00|0,00|0,00|0|||0,00|0,00|0,00||||||||||||||
|C190|060|1102|0,00|304,00|0,00|0,00|0,00|0,00|0,00|0,00||
|C100|0|1|24608414000166|01|00|001|939||12062017|13062017|304,00|2|0,00|0,00|304,00|9|0,00|0,00|0,00|0,00|0,00|0,00|0,00|0,00|||||
|C170|1|2129|SALGADOS DIVERSOS|160,00000|UN|304,00|0,00|0|060|1102|1102|0,00|0,00|0,00|0,00|0,00|0,00|0|||0,00|0,00|0,00||||||||||||||
|C190|060|1102|0,00|304,00|0,00|0,00|0,00|0,00|0,00|0,00||
|C100|0|1|24608414000166|01|00|001|944||13062017|13062017|362,00|2|0,00|0,00|362,00|9|0,00|0,00|0,00|0,00|0,00|0,00|0,00|0,00|||||
|C170|1|1930|SANDUICHE BAGUETE|8,00000|UN|28,00|0,00|0|060|1102|1102|0,00|0,00|0,00|0,00|0,00|0,00|0|||0,00|0,00|0,00||||||||||||||
|C170|2|2129|SALGADOS DIVERSOS|160,00000|UN|304,00|0,00|0|060|1102|1102|0,00|0,00|0,00|0,00|0,00|0,00|0|||0,00|0,00|0,00||||||||||||||
|C170|3|5761|DOCE BRIGADEIRO / BEIJINHO UN|20,00000|UN|30,00|0,00|0|060|1102|1102|0,00|0,00|0,00|0,00|0,00|0,00|0|||0,00|0,00|0,00||||||||||||||
|C190|060|1102|0,00|362,00|0,00|0,00|0,00|0,00|0,00|0,00||
|C100|0|1|24608414000166|01|00|001|946||14062017|16062017|304,00|2|0,00|0,00|304,00|9|0,00|0,00|0,00|0,00|0,00|0,00|0,00|0,00|||||
|C170|1|2129|SALGADOS DIVERSOS|160,00000|UN|304,00|0,00|0|060|1102|1102|0,00|0,00|0,00|0,00|0,00|0,00|0|||0,00|0,00|0,00||||||||||||||
|C190|060|1102|0,00|304,00|0,00|0,00|0,00|0,00|0,00|0,00||
|C100|0|1|24608414000166|01|00|001|948||15062017|16062017|304,00|2|0,00|0,00|304,00|9|0,00|0,00|0,00|0,00|0,00|0,00|0,00|0,00|||||
|C170|1|2129|SALGADOS DIVERSOS|160,00000|UN|304,00|0,00|0|060|1102|1102|0,00|0,00|0,00|0,00|0,00|0,00|0|||0,00|0,00|0,00||||||||||||||
|C190|060|1102|0,00|304,00|0,00|0,00|0,00|0,00|0,00|0,00||
|C100|0|1|72482102000100|55|00|007|95327|42170672482102000100550070000953271000953271|28062017|28062017|409,34|2|0,00|0,00|409,34|0|0,00|0,00|0,00|182,69|31,06|0,00|0,00|0,00|||||
|C110|3|*** CONFIRA AS MERCADORIAS NO ATO DA ENTREGA, NAO ACEITAMOS RECLAMACOES POSTERIORES ***\LP: 497724-11  R: 192225  V: 30  FP: BLOQUETO  Fantasia: POSTO|
|C170|1|1 ACUCAR **SACHE**CARAVELAS 1000X5GR|1 ACUCAR **SACHE**CARAVELAS 1000X5GR|1,00000|CX|27,99|0,00|1|020|1556|1556|19,75|17,00|3,36|0,00|0,00|0,00|0|||0,00|0,00|0,00||||||||||||||
|C170|2|4824|ACUCAR CARAVELAS 1K|1,00000|UN|27,73|0,00|0|060|1556|1556|0,00|0,00|0,00|0,00|0,00|0,00|0|||0,00|0,00|0,00||||||||||||||
|C170|3|3071|CAFE CABOCLO VACUO 500G|12,00000|UN|122,76|0,00|0|060|1556|1556|0,00|0,00|0,00|0,00|0,00|0,00|0|||0,00|0,00|0,00||||||||||||||
|C170|4|8 CAT CHUP *D AJUDA SACHE 192X7GR|8 CAT CHUP *D AJUDA SACHE 192X7GR|8,00000|CX|74,56|0,00|1|020|1556|1556|52,63|17,00|8,95|0,00|0,00|0,00|0|||0,00|0,00|0,00||||||||||||||
|C170|5|2 LUVA VINIL TALGE C/ PO *G 1X100UN|2 LUVA VINIL TALGE C/ PO *G 1X100UN|2,00000|CX|25,98|0,00|1|020|1556|1556|18,33|17,00|3,12|0,00|0,00|0,00|0|||0,00|0,00|0,00||||||||||||||
|C170|6|MAIONESE DJUDA SACHE|MAIONESE DJUDA SACHE|6,00000|CX|55,92|0,00|1|060|1556|1556|39,47|0,00|6,71|0,00|0,00|0,00|0|||0,00|0,00|0,00||||||||||||||
|C170|7|MOLHO DE PIMENTA SACHE|MOLHO DE PIMENTA SACHE|4,00000|CX|47,96|0,00|1|060|1556|1556|33,85|0,00|5,75|0,00|0,00|0,00|0|||0,00|0,00|0,00||||||||||||||
|C170|8|1 POTE PPLAST RETANGULAR C/TAMPA P10**F 1X100UN|1 POTE PPLAST RETANGULAR C/TAMPA P10**F 1X100UN|1,00000|UN|26,44|0,00|1|020|1556|1556|18,66|17,00|3,17|0,00|0,00|0,00|0|||0,00|0,00|0,00||||||||||||||
|C190|020|1556|17,00|154,97|109,37|18,60|0,00|0,00|45,60|0,00||
|C190|060|1556|0,00|254,37|73,32|12,46|0,00|0,00|0,00|0,00||
|C100|0|1|72482102000100|55|00|007|95328|42170672482102000100550070000953281000953287|28062017|28062017|622,99|2|0,00|0,00|622,99|0|0,00|0,00|0,00|0,00|0,00|0,00|0,00|0,00|||||
|C110|3|*** CONFIRA AS MERCADORIAS NO ATO DA ENTREGA, NAO ACEITAMOS RECLAMACOES POSTERIORES ***\LP: 497725-11  R: 192225  V: 30  FP: BLOQUETO  Fantasia: POSTO|
|C170|1|2119|GRELHADITOS SEM PELE 60G|1,00000|UN|47,61|0,00|0|060|1102|1102|0,00|0,00|0,00|0,00|0,00|0,00|0|||0,00|0,00|0,00||||||||||||||
|C170|2|2352|TORRADA BAUD 160 GR INTEGRAL|6,00000|UN|16,74|0,00|0|060|1102|1102|0,00|0,00|0,00|0,00|0,00|0,00|0|||0,00|0,00|0,00||||||||||||||
|C170|3|3014|ENERGETICO BALY ENERGY DRI 1L|2,00000|UN|73,42|0,00|0|060|1102|1102|0,00|0,00|0,00|0,00|0,00|0,00|0|||0,00|0,00|0,00||||||||||||||
|C170|4|3013|ENERGETICO BALY ENERG GFA 250M|1,00000|UN|35,27|0,00|0|060|1102|1102|0,00|0,00|0,00|0,00|0,00|0,00|0|||0,00|0,00|0,00||||||||||||||
|C170|5|3086|SALG BILUZITOS BACON 210G|1,00000|UN|29,71|0,00|0|060|1102|1102|0,00|0,00|0,00|0,00|0,00|0,00|0|||0,00|0,00|0,00||||||||||||||
|C170|6|3085|SALG BILUZITOS 210G PIZZA|1,00000|UN|29,71|0,00|0|060|1102|1102|0,00|0,00|0,00|0,00|0,00|0,00|0|||0,00|0,00|0,00||||||||||||||
|C170|7|411|CHOCOLEITE 300ML|1,00000|CX|65,10|0,00|0|060|1102|1102|0,00|0,00|0,00|0,00|0,00|0,00|0|||0,00|0,00|0,00||||||||||||||
|C170|8|1558|ACHOC PRONTO CHOCO LEITE 500ML|2,00000|UN|86,14|0,00|0|060|1102|1102|0,00|0,00|0,00|0,00|0,00|0,00|0|||0,00|0,00|0,00||||||||||||||
|C170|9|7237|M&M'S CHOCOLATE 200G|5,00000|UN|45,30|0,00|0|060|1102|1102|0,00|0,00|0,00|0,00|0,00|0,00|0|||0,00|0,00|0,00||||||||||||||
|C170|10|3171|PAPEL HIGIENICO SIRIUS|1,00000|UN|29,09|0,00|0|060|1102|1102|0,00|0,00|0,00|0,00|0,00|0,00|0|||0,00|0,00|0,00||||||||||||||
|C170|11|5558|PIPOTECA - CEBOLA 110G|2,00000|UN|25,50|0,00|0|060|1102|1102|0,00|0,00|0,00|0,00|0,00|0,00|0|||0,00|0,00|0,00||||||||||||||
|C170|12|5557|PIPOTECA 110G|2,00000|UN|25,50|0,00|0|060|1102|1102|0,00|0,00|0,00|0,00|0,00|0,00|0|||0,00|0,00|0,00||||||||||||||
|C170|13|2126|TRAKINAS CHOCOLATE 143G|18,00000|UN|40,14|0,00|0|060|1102|1102|0,00|0,00|0,00|0,00|0,00|0,00|0|||0,00|0,00|0,00||||||||||||||
|C170|14|3076|AGUA DA SERRA FRAMBOESA 250ML|2,00000|UN|32,12|0,00|0|060|1102|1102|0,00|0,00|0,00|0,00|0,00|0,00|0|||0,00|0,00|0,00||||||||||||||
|C170|15|5901|LUX TENTACAO FLORAL 85G|1,00000|CX|17,64|0,00|0|060|1102|1102|0,00|0,00|0,00|0,00|0,00|0,00|0|||0,00|0,00|0,00||||||||||||||
|C170|16|230|BISCOITO TUCS TRADICIONAL|10,00000|UN|11,90|0,00|0|060|1102|1102|0,00|0,00|0,00|0,00|0,00|0,00|0|||0,00|0,00|0,00||||||||||||||
|C170|17|228|BISCOITO TUCS PIZZA 100G|10,00000|UN|12,10|0,00|0|060|1102|1102|0,00|0,00|0,00|0,00|0,00|0,00|0|||0,00|0,00|0,00||||||||||||||
|C190|060|1102|0,00|622,99|0,00|0,00|0,00|0,00|0,00|0,00||
|C100|0|1|72482102000100|55|00|007|95329|42170672482102000100550070000953291000953292|28062017|28062017|11,90|2|0,00|0,00|11,90|0|0,00|0,00|0,00|0,00|0,00|0,00|0,00|0,00|||||
|C110|3|*** CONFIRA AS MERCADORIAS NO ATO DA ENTREGA, NAO ACEITAMOS RECLAMACOES POSTERIORES ***\LP: 497726-11  R: 192225  V: 30  FP: BONIFICACAO  Fantasia: POS|
|C170|1|230|BISCOITO TUCS TRADICIONAL|10,00000|UN|11,90|0,00|0|060|1910|1910|0,00|0,00|0,00|0,00|0,00|0,00|0|||0,00|0,00|0,00||||||||||||||
|C190|060|1910|0,00|11,90|0,00|0,00|0,00|0,00|0,00|0,00||
|C100|0|1|10156820000554|55|00|001|966|42170610156820000554550010000009661389096777|08062017|08062017|240,00|2|60,00|0,00|300,00|9|0,00|0,00|0,00|0,00|0,00|0,00|0,00|0,00|||||
|C170|1|7361|CHIP TIM TRIPLO 4G|60,00000|UN|300,00|60,00|0|060|1102|1102|0,00|0,00|0,00|0,00|0,00|0,00|0|||0,00|0,00|0,00||||||||||||||
|C190|060|1102|0,00|240,00|0,00|0,00|0,00|0,00|0,00|0,00||
|C100|0|1|07146547000149|55|00|001|9790|42170607146547000149550010000097901000132829|05062017|05062017|175,27|2|0,00|0,00|168,40|9|10,00|0,00|0,00|158,40|26,93|208,81|6,87|0,00|||||
|C110|2|VAL. ICMS ST RETIDO ANT.: 6.87|
|C170|1|5383|TORTA DANONE|10,00000|UN|58,80|0,00|0|010|1102|1102|58,80|17,00|10,00|77,51|0,00|2,55|0|||0,00|0,00|0,00||||||||||||||
|C170|2|5258|TORTA DOCE SABORES FATIA|12,00000|UN|44,40|0,00|0|010|1102|1102|44,40|17,00|7,55|58,53|0,00|1,93|0|||0,00|0,00|0,00||||||||||||||
|C170|3|5263|TORTA BRIGADEIRO FATIA|1,00000|UN|55,20|0,00|0|010|1102|1102|55,20|17,00|9,38|72,77|0,00|2,39|0|||0,00|0,00|0,00||||||||||||||
|C190|010|1102|17,00|175,27|158,40|26,93|208,81|6,87|0,00|0,00||
|C100|0|1|07146547000149|55|00|001|9854|42170607146547000149550010000098541000133611|09062017|09062017|181,52|2|0,00|0,00|174,40|9|10,00|0,00|0,00|164,40|27,95|216,26|7,12|0,00|||||
|C110|2|VAL. ICMS ST RETIDO ANT.: 7.12|
|C170|1|5383|TORTA DANONE|1,00000|UN|58,80|0,00|0|010|1102|1102|58,80|17,00|10,00|77,35|0,00|2,55|0|||0,00|0,00|0,00||||||||||||||
|C170|2|5262|TORTA RAFAELLO FATIA|1,00000|UN|56,40|0,00|0|010|1102|1102|56,40|17,00|9,59|74,19|0,00|2,44|0|||0,00|0,00|0,00||||||||||||||
|C170|3|5256|EMPADAO FATIA|1,00000|UN|49,20|0,00|0|010|1102|1102|49,20|17,00|8,36|64,72|0,00|2,13|0|||0,00|0,00|0,00||||||||||||||
|C190|010|1102|17,00|181,52|164,40|27,95|216,26|7,12|0,00|0,00||
|C100|0|1|07146547000149|55|00|001|9868|42170607146547000149550010000098681000133773|10062017|12062017|186,50|2|0,00|0,00|179,20|0|10,00|0,00|0,00|0,00|0,00|222,21|7,30|0,00|||||
|C110|3|MD-5: 98b0708683e4131672338bd1d8ee0b3c;Documento emitido por ME ou EPP Optante pelo Simples Nacional.   Nao gera credito de ISS e IPI+ ICMS.|
|C110|2|VAL. ICMS ST RETIDO ANT.: 7.3|
|C170|1|5260|TORTA MARTA ROCHA FATIA|1,00000|UN|58,80|0,00|0|010|1102|1102|0,00|0,00|0,00|77,23|0,00|2,54|0|||0,00|0,00|0,00||||||||||||||
|C170|2|5260|TORTA MARTA ROCHA FATIA|1,00000|UN|55,20|0,00|0|010|1102|1102|0,00|0,00|0,00|72,49|0,00|2,38|0|||0,00|0,00|0,00||||||||||||||
|C170|3|5260|TORTA MARTA ROCHA FATIA|1,00000|UN|55,20|0,00|0|010|1102|1102|0,00|0,00|0,00|72,49|0,00|2,38|0|||0,00|0,00|0,00||||||||||||||
|C190|010|1102|0,00|186,50|0,00|0,00|222,21|7,30|0,00|0,00||
|C100|0|1|24608414000166|01|00|001|990||01062017|01062017|284,00|2|0,00|0,00|284,00|9|0,00|0,00|0,00|0,00|0,00|0,00|0,00|0,00|||||
|C170|1|2129|SALGADOS DIVERSOS|140,00000|UN|266,00|0,00|0|060|1102|1102|0,00|0,00|0,00|0,00|0,00|0,00|0|||0,00|0,00|0,00||||||||||||||
|C170|2|5761|DOCE BRIGADEIRO / BEIJINHO UN|12,00000|UN|18,00|0,00|0|060|1102|1102|0,00|0,00|0,00|0,00|0,00|0,00|0|||0,00|0,00|0,00||||||||||||||
|C190|060|1102|0,00|284,00|0,00|0,00|0,00|0,00|0,00|0,00||
|C100|0|1|07146547000149|55|00|001|9908|42170607146547000149550010000099081000134262|14062017|14062017|180,27|2|0,00|0,00|173,20|0|10,00|0,00|0,00|0,00|0,00|214,77|7,07|0,00|||||
|C110|3|MD-5: 98b0708683e4131672338bd1d8ee0b3c;Documento emitido por ME ou EPP Optante pelo Simples Nacional.   Nao gera credito de ISS e IPI+ ICMS.|
|C110|2|VAL. ICMS ST RETIDO ANT.: 7.07|
|C170|1|5256|EMPADAO FATIA|1,00000|UN|49,20|0,00|0|010|1102|1102|0,00|0,00|0,00|64,74|0,00|2,13|0|||0,00|0,00|0,00||||||||||||||
|C170|2|5383|TORTA DANONE|1,00000|UN|58,80|0,00|0|010|1102|1102|0,00|0,00|0,00|77,39|0,00|2,55|0|||0,00|0,00|0,00||||||||||||||
|C170|3|5263|TORTA BRIGADEIRO FATIA|1,00000|UN|55,20|0,00|0|010|1102|1102|0,00|0,00|0,00|72,64|0,00|2,39|0|||0,00|0,00|0,00||||||||||||||
|C190|010|1102|0,00|180,27|0,00|0,00|214,77|7,07|0,00|0,00||
|C100|0|1|24608414000166|01|00|001|991||02062017|03062017|352,50|2|0,00|0,00|352,50|9|0,00|0,00|0,00|0,00|0,00|0,00|0,00|0,00|||||
|C170|1|2129|SALGADOS DIVERSOS|70,00000|UN|133,00|0,00|0|060|1102|1102|0,00|0,00|0,00|0,00|0,00|0,00|0|||0,00|0,00|0,00||||||||||||||
|C170|2|2129|SALGADOS DIVERSOS|95,00000|UN|180,50|0,00|0|060|1102|1102|0,00|0,00|0,00|0,00|0,00|0,00|0|||0,00|0,00|0,00||||||||||||||
|C170|3|1930|SANDUICHE BAGUETE|6,00000|UN|21,00|0,00|0|060|1102|1102|0,00|0,00|0,00|0,00|0,00|0,00|0|||0,00|0,00|0,00||||||||||||||
|C170|4|5761|DOCE BRIGADEIRO / BEIJINHO UN|12,00000|UN|18,00|0,00|0|060|1102|1102|0,00|0,00|0,00|0,00|0,00|0,00|0|||0,00|0,00|0,00||||||||||||||
|C190|060|1102|0,00|352,50|0,00|0,00|0,00|0,00|0,00|0,00||
|C100|0|1|24608414000166|01|00|001|994||03062017|03062017|304,00|2|0,00|0,00|304,00|9|0,00|0,00|0,00|0,00|0,00|0,00|0,00|0,00|||||
|C170|1|1928|BIG COXINHA|65,00000|UN|123,50|0,00|0|060|1102|1102|0,00|0,00|0,00|0,00|0,00|0,00|0|||0,00|0,00|0,00||||||||||||||
|C170|2|2129|SALGADOS DIVERSOS|95,00000|UN|180,50|0,00|0|060|1102|1102|0,00|0,00|0,00|0,00|0,00|0,00|0|||0,00|0,00|0,00||||||||||||||
|C190|060|1102|0,00|304,00|0,00|0,00|0,00|0,00|0,00|0,00||
|C100|0|1|07146547000149|55|00|001|9955|42170607146547000149550010000099551000134807|17062017|17062017|185,26|2|0,00|0,00|178,00|0|10,00|0,00|0,00|0,00|0,00|220,72|7,26|0,00|||||
|C110|3|MD-5: 98b0708683e4131672338bd1d8ee0b3c;Documento emitido por ME ou EPP Optante pelo Simples Nacional.   Nao gera credito de ISS e IPI+ ICMS.|
|C110|2|VAL. ICMS ST RETIDO ANT.: 7.26|
|C170|1|5260|TORTA MARTA ROCHA FATIA|1,00000|UN|50,40|0,00|0|010|1102|1102|0,00|0,00|0,00|66,22|0,00|2,18|0|||0,00|0,00|0,00||||||||||||||
|C170|2|5260|TORTA MARTA ROCHA FATIA|1,00000|UN|58,80|0,00|0|010|1102|1102|0,00|0,00|0,00|77,25|0,00|2,54|0|||0,00|0,00|0,00||||||||||||||
|C170|3|5260|TORTA MARTA ROCHA FATIA|1,00000|UN|58,80|0,00|0|010|1102|1102|0,00|0,00|0,00|77,25|0,00|2,54|0|||0,00|0,00|0,00||||||||||||||
|C190|010|1102|0,00|185,26|0,00|0,00|220,72|7,26|0,00|0,00||
|C100|0|1|24608414000166|01|00|001|997||04062017|05062017|342,00|2|0,00|0,00|342,00|9|0,00|0,00|0,00|0,00|0,00|0,00|0,00|0,00|||||
|C170|1|2129|SALGADOS DIVERSOS|95,00000|UN|180,50|0,00|0|060|1102|1102|0,00|0,00|0,00|0,00|0,00|0,00|0|||0,00|0,00|0,00||||||||||||||
|C170|2|2129|SALGADOS DIVERSOS|85,00000|UN|161,50|0,00|0|060|1102|1102|0,00|0,00|0,00|0,00|0,00|0,00|0|||0,00|0,00|0,00||||||||||||||
|C190|060|1102|0,00|342,00|0,00|0,00|0,00|0,00|0,00|0,00||
|C100|0|1|24608414000166|01|00|001|998||05062017|05062017|364,00|2|0,00|0,00|364,00|9|0,00|0,00|0,00|0,00|0,00|0,00|0,00|0,00|||||
|C170|1|1930|SANDUICHE BAGUETE|2,00000|UN|3,80|0,00|0|060|1102|1102|0,00|0,00|0,00|0,00|0,00|0,00|0|||0,00|0,00|0,00||||||||||||||
|C170|2|2129|SALGADOS DIVERSOS|63,00000|UN|119,70|0,00|0|060|1102|1102|0,00|0,00|0,00|0,00|0,00|0,00|0|||0,00|0,00|0,00||||||||||||||
|C170|3|2129|SALGADOS DIVERSOS|95,00000|UN|180,50|0,00|0|060|1102|1102|0,00|0,00|0,00|0,00|0,00|0,00|0|||0,00|0,00|0,00||||||||||||||
|C170|4|5761|DOCE BRIGADEIRO / BEIJINHO UN|40,00000|UN|60,00|0,00|0|060|1102|1102|0,00|0,00|0,00|0,00|0,00|0,00|0|||0,00|0,00|0,00||||||||||||||
|C190|060|1102|0,00|364,00|0,00|0,00|0,00|0,00|0,00|0,00||
|C100|0|1|07146547000149|55|00|001|9999|42170607146547000149550010000099991000135271|21062017|21062017|175,27|2|0,00|0,00|168,40|0|10,00|0,00|0,00|0,00|0,00|208,81|6,87|0,00|||||
|C110|3|MD-5: 98b0708683e4131672338bd1d8ee0b3c;Documento emitido por ME ou EPP Optante pelo Simples Nacional.   Nao gera credito de ISS e IPI+ ICMS.|
|C110|2|VAL. ICMS ST RETIDO ANT.: 6.87|
|C170|1|5383|TORTA DANONE|1,00000|UN|58,80|0,00|0|010|1102|1102|0,00|0,00|0,00|77,52|0,00|2,55|0|||0,00|0,00|0,00||||||||||||||
|C170|2|5263|TORTA BRIGADEIRO FATIA|1,00000|UN|55,20|0,00|0|010|1102|1102|0,00|0,00|0,00|72,76|0,00|2,39|0|||0,00|0,00|0,00||||||||||||||
|C170|3|5261|TORTA BISCUIT LIMAO FATIA|1,00000|UN|44,40|0,00|0|010|1102|1102|0,00|0,00|0,00|58,53|0,00|1,93|0|||0,00|0,00|0,00||||||||||||||
|C190|010|1102|0,00|175,27|0,00|0,00|208,81|6,87|0,00|0,00||
|C990|2691|
|D001|1|
|D990|2|
|E001|0|
|E100|01062017|30062017|
|E110|656,44|0,00|0,00|0,00|17222,89|0,00|0,00|0,00|89444,21|0,00|0,00|0,00|106010,66|0,00|
|E200|SC|01062017|30062017|
|E210|1|0,00|0,00|0,00|2723,95|0,00|0,00|0,00|0,00|0,00|0,00|0,00|2723,95|0,00|
|E200|PR|01062017|30062017|
|E210|1|0,00|0,00|0,00|9846,88|0,00|0,00|0,00|0,00|0,00|0,00|0,00|9846,88|0,00|
|E990|8|
|G001|1|
|G990|2|
|H001|0|
|H005|30062017|258338,27|05|
|H010|1|L|38187,926|2,828|107995,45|0||||0|
|H010|2|L|7153,941|2,815|20138,34|0||||0|
|H010|3|L|6206,99|2,772|17205,78|0||||0|
|H010|4|L|32729,107|2,185|71513,10|0||||0|
|H010|5|L|18397,162|2,255|41485,60|0||||0|
|H990|8|
|K001|1|
|K990|2|
|1001|0|
|1010|N|N|N|N|N|N|N|N|N|
|1350|020720613LA|GRANDE PARADA NORTE|PHD2422|0|
|1360|G1007977-7|30092015|
|1360|E0587573-9|30092015|
|1360|123456|16082016|
|1360|156|22082016|
|1370|09|1|504|
|1370|11|1|504|
|1370|12|3|503|
|1370|10|3|503|
|1350|051151|GRANDE PARADA NORTE|GBR111212|1|
|1360|E0587594-9|30092015|
|1360|E0587592-3|30092015|
|1360|12|21062016|
|1360|12345|28072016|
|1360|1|04062017|
|1370|01|4|501|
|1370|02|4|501|
|1350|051469|GRANDE PARADA NORTE|GBR111214|0|
|1360|D9429181-8|30092015|
|1360|D9422489-0|30092015|
|1360|§£|22032016|
|1370|05|5|502|
|1370|04|4|501|
|1370|03|5|502|
|1370|06|4|501|
|1350|0J1450|GRANDE PARADA NORTE|GBR111214|0|
|1360|D9422494-6|30092015|
|1360|E0587593-6|30092015|
|1360|12345|28072016|
|1360|123658|25082016|
|1360|1|03062017|
|1370|07|5|502|
|1370|08|4|501|
|1350|1212|2R DISTRIBUIDORA DE PRODUTOS COLONIAIS LTDA - ME|WAYNE|1|
|1370|23|5|502|
|1370|24|5|502|
|1350|23250714LA|GRANDE PARADA NORTE|PHD2422|0|
|1360|E0587567-3|30092015|
|1360|G0730768-0|30092015|
|1360|12345|23082016|
|1370|19|1|505|
|1370|18|2|506|
|1370|17|1|505|
|1370|20|2|506|
|1350|31470914BD|GRANDE PARADA NORTE|PHD2422|0|
|1360|G1379872-6|30092015|
|1360|EO587568-6|30092015|
|1360|1231|05092016|
|1370|14|1|505|
|1370|16|1|505|
|1370|13|2|507|
|1370|15|2|507|
|1350|32041|GRANDE PARADA NORTE|WAYNE 3G 3389P|1|
|1360|1231321|01012017|
|1360|213546|01012017|
|1370|21|5|502|
|1370|22|4|501|
|1990|60|
|9001|0|
|9900|0000|1|
|9900|0001|1|
|9900|0005|1|
|9900|0100|1|
|9900|0150|199|
|9900|0190|11|
|9900|0200|531|
|9900|0206|5|
|9900|0220|58|
|9900|0400|7|
|9900|0450|3|
|9900|0460|0|
|9900|0990|1|
|9900|1001|1|
|9900|1010|1|
|9900|1300|0|
|9900|1350|8|
|9900|1360|25|
|9900|1370|24|
|9900|1600|0|
|9900|1922|0|
|9900|1923|0|
|9900|1990|1|
|9900|9001|1|
|9900|9900|63|
|9900|9990|1|
|9900|9999|1|
|9900|C001|1|
|9900|C100|553|
|9900|C110|456|
|9900|C114|0|
|9900|C170|1064|
|9900|C171|0|
|9900|C190|616|
|9900|C300|0|
|9900|C400|0|
|9900|C405|0|
|9900|C420|0|
|9900|C490|0|
|9900|C500|0|
|9900|C860|0|
|9900|C890|0|
|9900|C990|1|
|9900|D001|1|
|9900|D100|0|
|9900|D500|0|
|9900|D990|1|
|9900|E001|1|
|9900|E100|1|
|9900|E110|1|
|9900|E111|0|
|9900|E200|2|
|9900|E210|2|
|9900|E990|1|
|9900|G001|1|
|9900|G990|1|
|9900|H001|1|
|9900|H005|1|
|9900|H010|0|
|9900|H020|0|
|9900|H990|1|
|9900|K001|1|
|9900|K990|1|
|9990|66|
|9999|3653|
